[{"XML": "<div class=\"section\" id=\"information\">\n<h2 class=\"access\">Information</h2>\r\n                &lt;?xml version=\"1.0\"?&gt;&lt;Product UpdateType=\"AddOrUpdate\" VersionDateTime=\"2012-09-24T10:17:54Z\"&gt;&lt;Identity&gt;&lt;TargetMarkets&gt;&lt;TargetMarket Code=\"GB\"/&gt;&lt;TargetMarket Code=\"IE\"/&gt;&lt;/TargetMarkets&gt;&lt;ProductCodes&gt;&lt;Code Scheme=\"GTIN\"&gt;5010305055907&lt;/Code&gt;&lt;Code Scheme=\"BRANDBANK:PVID\"&gt;1437525&lt;/Code&gt;&lt;Code Scheme=\"SKU\"&gt;122598696&lt;/Code&gt;&lt;/ProductCodes&gt;&lt;Subscription Id=\"42954\" Code=\"AHLC001\"&gt;Henkel Loctite Consumer Adhesives&lt;/Subscription&gt;&lt;DiagnosticDescription Code=\"en-GB\"&gt;Sellotape Original Golden Tape 24mm x 50m&lt;/DiagnosticDescription&gt;&lt;DefaultLanguage&gt;en-GB&lt;/DefaultLanguage&gt;&lt;/Identity&gt;&lt;Assets&gt;&lt;Image ShotTypeId=\"1\" ShotType=\"ID Shot\" MimeType=\"image/jpeg\"&gt;&lt;Specification&gt;&lt;RequestedDimensions Units=\"Pixels\"&gt;&lt;Width&gt;70&lt;/Width&gt;&lt;Height&gt;70&lt;/Height&gt;&lt;/RequestedDimensions&gt;&lt;Quality&gt;85&lt;/Quality&gt;&lt;Resolution&gt;72&lt;/Resolution&gt;&lt;IsCropped&gt;false&lt;/IsCropped&gt;&lt;CropPadding&gt;0&lt;/CropPadding&gt;&lt;MaxSizeInBytes&gt;0&lt;/MaxSizeInBytes&gt;&lt;/Specification&gt;&lt;Url&gt;http://productimages.brandbank.com/snapshotimagehandler.ashx?id=00312eb0-75fc-0fec-8a26-db78003a8d5d&lt;/Url&gt;&lt;/Image&gt;&lt;Image ShotTypeId=\"1\" ShotType=\"ID Shot\" MimeType=\"image/jpeg\"&gt;&lt;Specification&gt;&lt;RequestedDimensions Units=\"Pixels\"&gt;&lt;Width&gt;100&lt;/Width&gt;&lt;Height&gt;100&lt;/Height&gt;&lt;/RequestedDimensions&gt;&lt;Quality&gt;85&lt;/Quality&gt;&lt;Resolution&gt;72&lt;/Resolution&gt;&lt;IsCropped&gt;false&lt;/IsCropped&gt;&lt;CropPadding&gt;0&lt;/CropPadding&gt;&lt;MaxSizeInBytes&gt;0&lt;/MaxSizeInBytes&gt;&lt;/Specification&gt;&lt;Url&gt;http://productimages.brandbank.com/snapshotimagehandler.ashx?id=00a297b1-e1fc-0f8e-8a51-c97800f06a5d&lt;/Url&gt;&lt;/Image&gt;&lt;Image ShotTypeId=\"1\" ShotType=\"ID Shot\" MimeType=\"image/jpeg\"&gt;&lt;Specification&gt;&lt;RequestedDimensions Units=\"Pixels\"&gt;&lt;Width&gt;140&lt;/Width&gt;&lt;Height&gt;140&lt;/Height&gt;&lt;/RequestedDimensions&gt;&lt;Quality&gt;85&lt;/Quality&gt;&lt;Resolution&gt;72&lt;/Resolution&gt;&lt;IsCropped&gt;false&lt;/IsCropped&gt;&lt;CropPadding&gt;0&lt;/CropPadding&gt;&lt;MaxSizeInBytes&gt;0&lt;/MaxSizeInBytes&gt;&lt;/Specification&gt;&lt;Url&gt;http://productimages.brandbank.com/snapshotimagehandler.ashx?id=000d71b2-62fc-0f8a-8a36-47780006bd5d&lt;/Url&gt;&lt;/Image&gt;&lt;/Assets&gt;&lt;Data&gt;&lt;Language Code=\"en-GB\" Source=\"OffPack\" GroupingSetId=\"5\" GroupingSetName=\"Sainsburys &lt;Description&gt;Sellotape Original Golden Tape 24mm x 50m&lt;/Description&gt;&lt;Categorisations&gt;&lt;Categorisation Scheme=\"BRANDBANK\"&gt;&lt;Level Code=\"18\"&gt;Household &amp;amp; Garden&lt;/Level&gt;&lt;Level Code=\"01\"&gt;Utilities&lt;/Level&gt;&lt;Level Code=\"10\"&gt;Other&lt;/Level&gt;&lt;/Categorisation&gt;&lt;/Categorisations&gt;&lt;ItemTypeGroup Id=\"51\" Name=\"Description\"&gt;&lt;LongTextItems Id=\"32\" Name=\"Features\"&gt;&lt;Text xml:space=\"preserve\"&gt;Strong and extra sticky&lt;/Text&gt;&lt;Text xml:space=\"preserve\"&gt;Clear when applied and easy to unwind&lt;/Text&gt;&lt;Text xml:space=\"preserve\"&gt;Easy to tear so no need for scissors...or teeth!&lt;/Text&gt;&lt;Text xml:space=\"preserve\"&gt;Anti-tangle for better control&lt;/Text&gt;&lt;/LongTextItems&gt;&lt;Memo Id=\"35\" Name=\"Product Marketing\" xml:space=\"preserve\"&gt;Original golden tape&lt;/Memo&gt;&lt;Memo Id=\"21\" Name=\"Further Description\" xml:space=\"preserve\"&gt;For professional advice and stunning ideas to make your gift wrapping really special, visit Sellotape.co.uk&lt;/Memo&gt;&lt;/ItemTypeGroup&gt;&lt;ItemTypeGroup Id=\"59\" Name=\"Manufacturer\"&gt;&lt;Memo Id=\"15\" Name=\"Manufacturers Address\" xml:space=\"preserve\"&gt;Henkel Limited,<br/>Winsford,<br/>Cheshire,<br/>CW7 3QY.&lt;/Memo&gt;&lt;/ItemTypeGroup&gt;&lt;ItemTypeGroup Id=\"56\" Name=\"Preparation\"&gt;&lt;Memo Id=\"19\" Name=\"Preparation and Usage\" xml:space=\"preserve\"&gt;Instructions<br/>Apply only to clean, dry surfaces.&lt;/Memo&gt;&lt;/ItemTypeGroup&gt;&lt;ItemTypeGroup Id=\"58\" Name=\"Packaging\"&gt;&lt;NameLookups Id=\"29\" Name=\"Pack Type\"&gt;&lt;NameValue&gt;&lt;Name Id=\"197\"&gt;Type&lt;/Name&gt;&lt;Value Id=\"298\"&gt;Hanger&lt;/Value&gt;&lt;/NameValue&gt;&lt;/NameLookups&gt;&lt;/ItemTypeGroup&gt;&lt;ItemTypeGroup Id=\"61\" Name=\"Hidden Attributes\"&gt;&lt;LongTextItems Id=\"25\" Name=\"Brand\"&gt;&lt;Text xml:space=\"preserve\"&gt;Sellotape&lt;/Text&gt;&lt;/LongTextItems&gt;&lt;LongTextItems Id=\"67\" Name=\"Unit Type\"&gt;&lt;Text xml:space=\"preserve\"&gt;Tape&lt;/Text&gt;&lt;/LongTextItems&gt;&lt;NameLookups Id=\"27\" Name=\"Storage Type\"&gt;&lt;NameValue&gt;&lt;Name Id=\"190\"&gt;Type&lt;/Name&gt;&lt;Value Id=\"271\"&gt;Ambient&lt;/Value&gt;&lt;/NameValue&gt;&lt;/NameLookups&gt;&lt;NameLookups Id=\"33\" Name=\"Standardised Brand\"&gt;&lt;NameValue&gt;&lt;Name Id=\"224\"&gt;Brand&lt;/Name&gt;&lt;Value Id=\"6657\"&gt;Sellotape&lt;/Value&gt;&lt;/NameValue&gt;&lt;/NameLookups&gt;&lt;Memo Id=\"26\" Name=\"Return To\" xml:space=\"preserve\"&gt;For advice on Sellotape products contact:<br/>Technical Services,<br/>Henkel Limited,<br/>Winsford,<br/>Cheshire,<br/>CW7 3QY.<br/>01606 593933<br/>technical.services@henkel.co.uk&lt;/Memo&gt;&lt;NameTextItems Id=\"16\" Name=\"Dimension\"&gt;&lt;NameText&gt;&lt;Name Id=\"183\"&gt;Shelf Height&lt;/Name&gt;&lt;Text xml:space=\"preserve\"&gt;131&lt;/Text&gt;&lt;/NameText&gt;&lt;NameText&gt;&lt;Name Id=\"184\"&gt;Shelf Width&lt;/Name&gt;&lt;Text xml:space=\"preserve\"&gt;127&lt;/Text&gt;&lt;/NameText&gt;&lt;NameText&gt;&lt;Name Id=\"185\"&gt;Shelf Depth&lt;/Name&gt;&lt;Text xml:space=\"preserve\"&gt;26&lt;/Text&gt;&lt;/NameText&gt;&lt;/NameTextItems&gt;&lt;NameTextItems Id=\"34\" Name=\"Weight\"&gt;&lt;NameText&gt;&lt;Name Id=\"227\"&gt;Gross Weight&lt;/Name&gt;&lt;Text xml:space=\"preserve\"&gt;79&lt;/Text&gt;&lt;/NameText&gt;&lt;/NameTextItems&gt;&lt;NameTextItems Id=\"66\" Name=\"Number of Units\"&gt;&lt;NameText&gt;&lt;Name Id=\"925\"&gt;Number of Units&lt;/Name&gt;&lt;Text xml:space=\"preserve\"&gt;1&lt;/Text&gt;&lt;/NameText&gt;&lt;/NameTextItems&gt;&lt;/ItemTypeGroup&gt;&lt;/Language&gt;&lt;/Data&gt;&lt;/Product&gt;\r\n                <p><h3>Important Information</h3><p>The above details have been prepared to help you select suitable products. Products and their ingredients are liable to change.</p><p><strong>You should always read the label before consuming or using the product and never rely solely on the information presented here.</strong></p></p></div>", "PricePerMeasureMeasure": "ea", "img": "/wcsstore7.30.4.18/ExtendedSitesCatalogAssetStore/images/catalog/productImages/90/5010305049890/5010305049890_L.jpeg", "title": "Sellotape Original Gold Tape 24mm x 50m", "pricePerUnit": "1.00", "pricePerUnitUnit": "unit", "PricePerMeasure": "1.00"}, {"Nutrition": "<div class=\"productText\">\n<div class=\"nutritionalContentSummary\">\n<h2 class=\"reference\">Per 1/2 pot (approx. 2 tbsp) Typical Values</h2>\n<ul class=\"lozengeBlock\">\n<li class=\"lozenge energy energy\">\n<div class=\"lozengeHeaderSection\">\n<h3 class=\"lozengeTitle\">ENERGY</h3>\n<p>1249kJ</p>\n<p>302kcal</p>\n</div>\n<div class=\"percentage\">\n<p>15%</p>\n</div>\n<p class=\"access\">white</p>\n</li>\n<li class=\"lozenge high fat\">\n<div class=\"lozengeHeaderSection\">\n<h3 class=\"lozengeTitle\">FAT</h3>\n<p>29.0g</p>\n</div>\n<div class=\"percentage\">\n<p>41%</p>\n</div>\n<p class=\"access\">red</p>\n</li>\n<li class=\"lozenge high saturates\">\n<div class=\"lozengeHeaderSection\">\n<h3 class=\"lozengeTitle\">SATURATES</h3>\n<p>6.8g</p>\n</div>\n<div class=\"percentage\">\n<p>34%</p>\n</div>\n<p class=\"access\">red</p>\n</li>\n<li class=\"lozenge low sugars\">\n<div class=\"lozengeHeaderSection\">\n<h3 class=\"lozengeTitle\">SUGARS</h3>\n<p>&lt;0.5g</p>\n</div>\n<div class=\"percentage\">\n<p>&lt;1%</p>\n</div>\n<p class=\"access\">green</p>\n</li>\n<li class=\"lozenge medium salt\">\n<div class=\"lozengeHeaderSection\">\n<h3 class=\"lozengeTitle\">SALT</h3>\n<p>0.94g</p>\n</div>\n<div class=\"percentage\">\n<p>16%</p>\n</div>\n<p class=\"access\">amber</p>\n</li>\n</ul>\n<div class=\"lozengeFooter\">\n<p>% of the Reference Intakes</p>\n<p>Typical Values Per 100g : Energy 1665 kJ/403 kcal</p>\n<p>RI= Reference intake of an average adult (8400 kJ/2000 kcal)</p>\n</div>\n</div>\n<div>\n<p>\n<strong>Table of Nutritional Information</strong>\n</p>\n<div class=\"tableWrapper\">\n<table class=\"nutritionTable\">\n<thead>\n<tr class=\"tableTitleRow\">\n<th scope=\"col\">Typical Values</th><th scope=\"col\">Per 100g\u00a0</th><th scope=\"col\">Per 1/2 pot (approx. 2 tbsp)\u00a0</th><th scope=\"col\">% based on RI for Average Adult</th>\n</tr>\n</thead>\n<tr class=\"tableRow1\">\n<th class=\"rowHeader\" rowspan=\"2\" scope=\"row\">Energy</th><td class=\"tableRow1\">1665kJ</td><td class=\"tableRow1\">1249kJ</td><td class=\"tableRow1\">-</td>\n</tr>\n<tr class=\"tableRow0\">\n<td class=\"tableRow0\">403kcal</td><td class=\"\">302kcal</td><td class=\"\">15%</td>\n</tr>\n<tr class=\"tableRow1\">\n<th class=\"rowHeader\" scope=\"row\">Fat</th><td class=\"tableRow1\">38.6g</td><td class=\"nutritionLevel3\">29.0g</td><td class=\"nutritionLevel3\">41%</td>\n</tr>\n<tr class=\"tableRow0\">\n<th class=\"rowHeader\" scope=\"row\">Saturates</th><td class=\"tableRow0\">9.0g</td><td class=\"nutritionLevel3\">6.8g</td><td class=\"nutritionLevel3\">34%</td>\n</tr>\n<tr class=\"tableRow1\">\n<th class=\"rowHeader\" scope=\"row\">Mono-unsaturates</th><td class=\"tableRow1\">22.0g</td><td class=\"\">16.5g</td><td class=\"\">-</td>\n</tr>\n<tr class=\"tableRow0\">\n<th class=\"rowHeader\" scope=\"row\">Polyunsaturates</th><td class=\"tableRow0\">5.4g</td><td class=\"\">4.1g</td><td class=\"\">-</td>\n</tr>\n<tr class=\"tableRow1\">\n<th class=\"rowHeader\" scope=\"row\">Carbohydrate</th><td class=\"tableRow1\">3.7g</td><td class=\"\">2.8g</td><td class=\"\">1%</td>\n</tr>\n<tr class=\"tableRow0\">\n<th class=\"rowHeader\" scope=\"row\">Sugars</th><td class=\"tableRow0\">&lt;0.5g</td><td class=\"nutritionLevel1\">&lt;0.5g</td><td class=\"nutritionLevel1\">-</td>\n</tr>\n<tr class=\"tableRow1\">\n<th class=\"rowHeader\" scope=\"row\">Starch</th><td class=\"tableRow1\">3.3g</td><td class=\"\">2.5g</td><td class=\"\">-</td>\n</tr>\n<tr class=\"tableRow0\">\n<th class=\"rowHeader\" scope=\"row\">Fibre</th><td class=\"tableRow0\">1.3g</td><td class=\"\">1.0g</td><td class=\"\">-</td>\n</tr>\n<tr class=\"tableRow1\">\n<th class=\"rowHeader\" scope=\"row\">Protein</th><td class=\"tableRow1\">9.6g</td><td class=\"\">7.2g</td><td class=\"\">14%</td>\n</tr>\n<tr class=\"tableRow0\">\n<th class=\"rowHeader\" scope=\"row\">Salt</th><td class=\"tableRow0\">1.25g</td><td class=\"nutritionLevel2\">0.94g</td><td class=\"nutritionLevel2\">16%</td>\n</tr>\n</table>\n</div>\n<p>Reference intake of an average adult (8400 kJ / 2000 kcal)</p>\n<p>This pack contains 2 servings</p>\n</div>\n</div>", "PricePerMeasureMeasure": "100g", "Description": "<div class=\"productText\">\n<p>A pesto sauce of basil, cheeses and pine nuts</p>\n<p>\n<p></p>\n</p>\n</div>", "img": "/wcsstore7.30.4.18/SainsburysStorefrontAssetStore/wcassets/product_images/2017/July/media_474474_L.jpg", "Ingredients": "<div class=\"productText\">\n<p><p><strong>INGREDIENTS:</strong>Basil (24%), Pecorino Cheese (Sheep's <strong>Milk</strong>),\u00a0Extra Virgin Olive Oil (15%), Rapeseed Oil, Lemon Juice, Medium Fat Hard Cheese (Cows' <strong>Milk</strong>), Pine Nuts (5%), Garlic Pur\u00e9e, Salt, Potato Starch\u00a0.</p></p>\n</div>", "Country of Origin": "<div class=\"productText\">\n<p>Produced in England, United Kingdom</p>\n</div>", "pricePerUnit": "1.70", "title": "Sainsbury's Fresh Green Pesto 150g", "Storage": "<div class=\"productText\">\n<p>For use by date: see top of pack. Keep refrigerated, once opened use within 2 days and do not exceed the use by date. </p>\n<p>For best Quality, freeze as soon as possible after purchase and always within the use by date. Once frozen consume within 1 months. Once defrosted use the same day </p>\n</div>", "Packaging": "<div class=\"productText\">\n<p>Plastic - RPET  pot</p>\n<p>Plastic - RPET  pot</p>\n<p>Polyester film </p>\n<p>Plastic - RPET  lid</p>\n<p>Plastic - RPET  lid</p>\n<p>Carton board sleeve</p>\n<p>Carton board sleeve</p>\n</div>", "PricePerMeasure": "1.13", "Dietary Information": "<div class=\"productText\">\n<p>Allergy Advice<br/>For allergens, see ingredients in <strong>bold</strong></p>\n</div>", "Error": "", "Size": "<div class=\"productText\">\n<p>150g</p>\n</div>", "pricePerUnitUnit": "unit", "Manufacturer": "<div class=\"productText\">\n<p>We are happy to replace this item if it is not satisfactory</p>\n<p>Sainsbury's Supermarkets Ltd.</p>\n<p>33 Holborn, London EC1N 2HT</p>\n<p>Customer services 0800 636262</p>\n</div>"}, {"Nutrition": "<div class=\"productText\">\n<div class=\"nutritionalContentSummary\">\n<h2 class=\"reference\">Per 1/2 pack </h2>\n<ul class=\"lozengeBlock\">\n<li class=\"lozenge energy energy\">\n<div class=\"lozengeHeaderSection\">\n<h3 class=\"lozengeTitle\">ENERGY</h3>\n<p>901kJ</p>\n<p>216kcal</p>\n</div>\n<div class=\"percentage\">\n<p>11%</p>\n</div>\n<p class=\"access\">white</p>\n</li>\n<li class=\"lozenge medium fat\">\n<div class=\"lozengeHeaderSection\">\n<h3 class=\"lozengeTitle\">FAT</h3>\n<p>12.5g</p>\n</div>\n<div class=\"percentage\">\n<p>18%</p>\n</div>\n<p class=\"access\">amber</p>\n</li>\n<li class=\"lozenge medium saturates\">\n<div class=\"lozengeHeaderSection\">\n<h3 class=\"lozengeTitle\">SATURATES</h3>\n<p>3.0g</p>\n</div>\n<div class=\"percentage\">\n<p>15%</p>\n</div>\n<p class=\"access\">amber</p>\n</li>\n<li class=\"lozenge low sugars\">\n<div class=\"lozengeHeaderSection\">\n<h3 class=\"lozengeTitle\">SUGARS</h3>\n<p>&lt;0.5g</p>\n</div>\n<div class=\"percentage\">\n<p>&lt;1%</p>\n</div>\n<p class=\"access\">green</p>\n</li>\n<li class=\"lozenge medium salt\">\n<div class=\"lozengeHeaderSection\">\n<h3 class=\"lozengeTitle\">SALT</h3>\n<p>0.38g</p>\n</div>\n<div class=\"percentage\">\n<p>6%</p>\n</div>\n<p class=\"access\">amber</p>\n</li>\n</ul>\n<div class=\"lozengeFooter\">\n<p>% of the Reference Intakes</p>\n<p> Per 100g : Energy 813 kJ/195 kcal</p>\n<p>RI= Reference intake of an average adult (8400 kJ/2000 kcal)</p>\n</div>\n</div>\n<div>\n<p>\n<strong>Table of Nutritional Information</strong>\n</p>\n<div class=\"tableWrapper\">\n<table class=\"nutritionTable\">\n<thead>\n<tr class=\"tableTitleRow\">\n<th scope=\"col\"></th><th scope=\"col\">Per 100g\u00a0</th><th scope=\"col\">Per 1/2 pack\u00a0</th><th scope=\"col\">% based on RI for Average Adult</th>\n</tr>\n</thead>\n<tr class=\"tableRow1\">\n<th class=\"rowHeader\" rowspan=\"2\" scope=\"row\">Energy</th><td class=\"tableRow1\">813kJ</td><td class=\"tableRow1\">901kJ</td><td class=\"tableRow1\">-</td>\n</tr>\n<tr class=\"tableRow0\">\n<td class=\"tableRow0\">195kcal</td><td class=\"\">216kcal</td><td class=\"\">11%</td>\n</tr>\n<tr class=\"tableRow1\">\n<th class=\"rowHeader\" scope=\"row\">Fat</th><td class=\"tableRow1\">11.3g</td><td class=\"nutritionLevel2\">12.5g</td><td class=\"nutritionLevel2\">18%</td>\n</tr>\n<tr class=\"tableRow0\">\n<th class=\"rowHeader\" scope=\"row\">Saturates</th><td class=\"tableRow0\">2.7g</td><td class=\"nutritionLevel2\">3.0g</td><td class=\"nutritionLevel2\">15%</td>\n</tr>\n<tr class=\"tableRow1\">\n<th class=\"rowHeader\" scope=\"row\">Mono-unsaturates</th><td class=\"tableRow1\">4.0g</td><td class=\"\">4.4g</td><td class=\"\">-</td>\n</tr>\n<tr class=\"tableRow0\">\n<th class=\"rowHeader\" scope=\"row\">Polyunsaturates</th><td class=\"tableRow0\">4.2g</td><td class=\"\">4.6g</td><td class=\"\">-</td>\n</tr>\n<tr class=\"tableRow1\">\n<th class=\"rowHeader\" scope=\"row\">Carbohydrate</th><td class=\"tableRow1\">2.6g</td><td class=\"\">2.9g</td><td class=\"\">1%</td>\n</tr>\n<tr class=\"tableRow0\">\n<th class=\"rowHeader\" scope=\"row\">Sugars</th><td class=\"tableRow0\">&lt;0.5g</td><td class=\"nutritionLevel1\">&lt;0.5g</td><td class=\"nutritionLevel1\">-</td>\n</tr>\n<tr class=\"tableRow1\">\n<th class=\"rowHeader\" scope=\"row\">Fibre</th><td class=\"tableRow1\">0.7g</td><td class=\"\">0.8g</td><td class=\"\">-</td>\n</tr>\n<tr class=\"tableRow0\">\n<th class=\"rowHeader\" scope=\"row\">Protein</th><td class=\"tableRow0\">20.3g</td><td class=\"\">22.5g</td><td class=\"\">45%</td>\n</tr>\n<tr class=\"tableRow1\">\n<th class=\"rowHeader\" scope=\"row\">Salt</th><td class=\"tableRow1\">0.34g</td><td class=\"nutritionLevel2\">0.38g</td><td class=\"nutritionLevel2\">6%</td>\n</tr>\n</table>\n</div>\n<p>Reference intake of an average adult (8400 kJ / 2000 kcal)</p>\n<p>This pack contains 2 servings</p>\n</div>\n</div>", "PricePerMeasureMeasure": "kg", "Description": "<div class=\"productText\">\n<p>Defrosted Sea Bass filllets (Dicentrarchus labrax) with lemon and parsley</p>\n<p>\n            \u00a0\n            </p>\n<p>\n<p>garnished with lemon and parsley\u00a0</p>\n<p></p>\n</p>\n</div>", "img": "/wcsstore7.30.4.18/ExtendedSitesCatalogAssetStore/images/catalog/productImages/85/0000000256285/0000000256285_L.jpeg", "Ingredients": "<div class=\"productText\">\n<p><p><strong>INGREDIENTS:</strong>Sea Bass (Dicentrarchus labrax) (<strong>Fish</strong>) (99%), Lemon Zest, Parsley.</p></p>\n</div>", "Preparation and Safety": "<div class=\"productText\">\n<p>\n<strong>Cooking instructions: Oven</strong>\n</p>\n<p>Before cooking: Preheat oven. Remove all packaging. Wrap fish in lightly oiled foil to form a parcel. Place parcel on a baking tray on the middle shelf of the oven.\nOven cook from chilled. 200\u00b0C. Fan 180\u00b0C. Gas 6. 15 minutes.\nAfter cooking: Check food is piping hot. All cooking appliances vary. This is a guide only.</p>\n<p>\u00a0</p>\n<p>\n<strong>Cooking instructions: ShallowFry</strong>\n</p>\n<p>Pan fry from chilled but can also be oven cooked.\nBefore cooking: Heat 15ml oil in a frying pan or wok. Once oil is hot add the fish. \nDuring cooking: Pan OR shallow OR stir fry. Turn OR stir occasionally. \nAfter cooking: Check food is piping hot. All cooking appliances vary. This is a guide only. \nModerate heat. 10 minutes.</p>\n<p>\u00a0</p>\n<p>\n<strong>Cooking instructions: other</strong>\n</p>\n<p>After opening this pack there will be an odour present from the packaging, this will quickly disappear. The eating quality of the sea bass is not affected.</p>\n</div>", "Country of Origin": "<div class=\"productText\">\n<p>Packed in United Kingdom</p>\n<p>Farmed in Turkey</p>\n</div>", "pricePerUnit": "4.50", "title": "Sainsbury's Butterflied Sea Bass 255g", "Storage": "<div class=\"productText\">\n<p>For use by date: see front of pack. Keep refrigerated, once opened consume within 24 hours days and do not exceed the use by date. </p>\n<p>Freeze as soon as possible after purchase and always within the use by date/best before date. Once frozen consume within 1 months. This product may have been previously frozen and defrosted under controlled conditions without affecting the quality or safety of the product. It is still suitable for home freezing. Once defrosted use the same day. Do not refreeze once defrosted. </p>\n</div>", "Packaging": "<div class=\"productText\">\n<p>Plastic - RPET  tray</p>\n<p>Plastic - PP film</p>\n<p>Paper laminate linerless label</p>\n</div>", "PricePerMeasure": "17.65", "Dietary Information": "<div class=\"productText\">\n<p>Allergy Advice<br/>For allergens, see ingredients in <strong>bold</strong></p>\n</div>", "Error": "", "Size": "<div class=\"productText\">\n<p>255gram  e</p>\n</div>", "pricePerUnitUnit": "unit", "Manufacturer": "<div class=\"productText\">\n<p>We are happy to replace this item if it is not satisfactory</p>\n<p>Sainsbury's Supermarkets Ltd.</p>\n<p>33 Holborn, London EC1N 2HT</p>\n<p>Customer services 0800 636262</p>\n</div>"}, {"Preparation": "<div class=\"itemTypeGroupContainer productText\" style=\"page-break-inside : avoid\">\n<h3 class=\"printOnlyBlock partHead\">Preparation</h3>\n<div class=\"itemTypeGroup\">\n<div class=\"memo\">\n<p>24h Daily Feeding Recommendation<br>Dry Food Only: 1 kg: 25 g, 3 kg: 55 g, 5 kg: 80 g, 7 kg: 105 g, 10 kg: 135 g<br>Dry Food + Tray *: 1 kg: 8 g / + 1/2, 3 kg: 40 g + 1/2, 5 kg: 45 g/ +1, 7 kg: 70 g/ + 1, 10 kg: 85 g/ + 1 1/2<br>*150 g<br>\n<br>We recommend to feed a mix of dry PERFECT FIT\u2122 and wet dog food.<br>\n<br>Feeding instructions: Allow a transition phase when switching diet and adjust amounts according to your pet's needs. For overweight dogs reduce daily amount. How? Visit our website or call our Consumer Careline. Fresh water should always be available.<br>\n<br>392 kcal/100 g</br></br></br></br></br></br></br></br></br></p>\n</div>\n<div class=\"longTextItems\">\n<p>No added artificial colourants</p>\n</div>\n<div class=\"memo\">\n<p>To avoid suffocation, keep bags away from babies, young children and pets.</p>\n</div>\n</div>\n</div>", "Nutrition": "<div class=\"itemTypeGroupContainer productText\" style=\"page-break-inside : avoid\">\n<div class=\"itemTypeGroup\">\n<div class=\"textualNutrition\">\n<h3>Nutrition</h3>\n<p>\n<strong>Table of Nutritional Information</strong>\n</p>\n<div class=\"tableWrapper\" xmlns:asp=\"remove\">\n<table class=\"nutritionTable\">\n<thead>\n<tr>\n<th scope=\"col\"></th><th scope=\"col\">Analytical constituents (%):</th>\n</tr>\n</thead>\n<tbody>\n<tr>\n<th class=\"rowHeader\" scope=\"row\">Protein:</th><td>27</td>\n</tr>\n<tr>\n<th class=\"rowHeader\" scope=\"row\">Fat content:</th><td>17</td>\n</tr>\n<tr>\n<th class=\"rowHeader\" scope=\"row\">Inorganic matter:</th><td>7.7</td>\n</tr>\n<tr>\n<th class=\"rowHeader\" scope=\"row\">Crude fibres:</th><td>2</td>\n</tr>\n<tr>\n<th class=\"rowHeader\" scope=\"row\">Calcium:</th><td>1.3</td>\n</tr>\n<tr>\n<th class=\"rowHeader\" scope=\"row\">Phosphorus:</th><td>1.1</td>\n</tr>\n<tr>\n<th class=\"rowHeader\" scope=\"row\">Iron:</th><td>11.7 mg/100g</td>\n</tr>\n<tr>\n<th class=\"rowHeader\" scope=\"row\">Sodium:</th><td>0.74</td>\n</tr>\n<tr>\n<th colspan=\"2\" scope=\"row\">Additives per kg:</th>\n</tr>\n<tr>\n<th colspan=\"2\" scope=\"row\">Antioxidants / Nutritional additives:  </th>\n</tr>\n<tr>\n<th class=\"rowHeader\" scope=\"row\">Cupric sulphate pentahydrate:</th><td>19.2 mg</td>\n</tr>\n<tr>\n<th class=\"rowHeader\" scope=\"row\">Manganous sulphate monohydrate:  </th><td>117 mg</td>\n</tr>\n<tr>\n<th class=\"rowHeader\" scope=\"row\">Sodium selenite:</th><td>0.52 mg</td>\n</tr>\n</tbody>\n</table>\n</div>\n<div class=\"nameTextLookups\"></div>\n<p>\n<strong>Table of Vitamins and Minerals Information</strong>\n</p>\n<div class=\"tableWrapper\" xmlns:asp=\"remove\">\n<table class=\"nutritionTable\">\n<thead>\n<tr>\n<th scope=\"col\"></th><th scope=\"col\">Analytical constituents (%):</th>\n</tr>\n</thead>\n<tbody>\n<tr>\n<th class=\"rowHeader\" scope=\"row\">Vitamin A:</th><td>12921 IU</td>\n</tr>\n<tr>\n<th class=\"rowHeader\" scope=\"row\">Vitamin B1:</th><td>7.3 mg</td>\n</tr>\n<tr>\n<th class=\"rowHeader\" scope=\"row\">Vitamin B2:</th><td>12.5 mg</td>\n</tr>\n<tr>\n<th class=\"rowHeader\" scope=\"row\">Vitamin B6:</th><td>3.3 mg</td>\n</tr>\n<tr>\n<th class=\"rowHeader\" scope=\"row\">Vitamin D3:</th><td>1425 IU</td>\n</tr>\n<tr>\n<th class=\"rowHeader\" scope=\"row\">Vitamin E:</th><td>405 mg</td>\n</tr>\n<tr>\n<th class=\"rowHeader\" scope=\"row\">Potassium iodide:</th><td>1.6 mg</td>\n</tr>\n<tr>\n<th class=\"rowHeader\" scope=\"row\">Zinc sulphate monohydrate:</th><td>313 mg</td>\n</tr>\n</tbody>\n</table>\n</div>\n</div>\n</div>\n</div>", "PricePerMeasureMeasure": "kg", "Description": "<div class=\"itemTypeGroupContainer productText\" style=\"page-break-inside : avoid\">\n<h3>Description</h3>\n<div class=\"memo\">\n<p>Complete pet food for adult dogs.</p>\n</div>\n<div class=\"longTextItems\">\n<p>No added artificial colourants</p>\n</div>\n<div class=\"itemTypeGroup\">\n<div class=\"memo\">\n<p>All-around protection for a healthy life*<br>*All-around nutrition for a healthy life<br>\n<br>PERFECT FIT\u2122 is expert nutrition designed to feed your dog's spirit of youth throughout his life. Developed with our vets and pet nutritionist, PERFECT FIT\u2122 combines 5 benefits addressing common health needs of all dogs, regardless of age or lifestyle, in its unique PERFECT FIT\u2122 Total 5 formula.<br>\n<br>Lower Urinary Tract Health<br>Formulated with balanced minerals to support lower urinary tract health.<br>Vitality Support<br>Containing elevated levels of Vitamin B and Iron to support your dog's vitality.<br>Tailored Kibble Size<br>Smaller kibble size tailored to the mouths of toy and small dogs.<br>\n<br>Strong Natural Defences<br>With increased Vitamin E, Manganese and Zinc that helps to support strong natural defences.<br>Good Oral Health<br>Contains an active ingredient proven to reduce tartar build up, to help maintain clean teeth and healthy gums.<br>Healthy Digestion<br>Formulated with high quality proteins and prebiotics to support healthy gut bacteria and easy digestion.<br>Optimum Weight Management &amp; Body Condition<br>Our recipes are formulated to provide your dog with all the nutrients and energy he needs, whilst promoting optimum weight management and good body condition.<br>Healthy Skin &amp; Coat<br>Contains Zinc and sunflower oil, a natural source of Omega 6 fatty acids, that will help nourish your dog's skin and coat.</br></br></br></br></br></br></br></br></br></br></br></br></br></br></br></br></br></br></br></br></br></p>\n</div>\n<div class=\"memo\">\n<p>Developed with veterinarians from The Waltham Centre for pet nutrition**<br>Waltham\u2122<br>**All PERFECT FIT\u2122 recipes have been developed with our nutritionists and veterinarians of the WALTHAM Centre for Pet Nutrition to guarantee 100% complete, balanced and advanced nutrition.</br></br></p>\n</div>\n<div class=\"memo\">\n<p>\u2122/\u00ae/designs/\u00a9 Mars</p>\n</div>\n</div>\n</div>", "img": "/wcsstore7.30.4.18/ExtendedSitesCatalogAssetStore/images/catalog/productImages/07/4008429092107/4008429092107_L.jpeg", "Ingredients": "<div class=\"itemTypeGroupContainer productText\" style=\"page-break-inside : avoid\">\n<div class=\"itemTypeGroup\">\n<div class=\"longTextItems\">\n<h3 class=\"itemHeader\">Ingredients</h3>\n<ul class=\"productIngredients\">\n<li>Dried Poultry Protein (including 20% Chicken), </li>\n<li>Maize, </li>\n<li>Wheat, </li>\n<li>Poultry Fat, </li>\n<li>Liver Digest, </li>\n<li>Dried Beet Pulp (3%), </li>\n<li>Pea Protein, </li>\n<li>Sodium Chloride, </li>\n<li>Chicory Extract (1%), </li>\n<li>Dried Whole Egg, </li>\n<li>Sodium Tripolyphosphate (0.7%), </li>\n<li>Choline Chloride, </li>\n<li>Sunflower Oil (0.4%), </li>\n<li>Potassium Chloride</li>\n</ul>\n</div>\n</div>\n</div>", "Storage": "<div class=\"itemTypeGroupContainer productText\" style=\"page-break-inside : avoid\">\n<h3 class=\"printOnlyBlock partHead\">Storage</h3>\n<div class=\"itemTypeGroup\">\n<div class=\"memo\">\n<p>Store closed, in a cool and dry place.<br>Best before date: see back of pack.</br></p>\n</div>\n</div>\n</div>", "pricePerUnit": "3.00", "title": "Perfect Fit Adult 1+ Small Dry Dog Food Rich in Chicken 825g", "pricePerUnitUnit": "unit", "Packaging": "<div class=\"itemTypeGroupContainer productText\" style=\"page-break-inside : avoid\">\n<h3 class=\"printOnlyBlock partHead\">Packaging</h3>\n<div class=\"itemTypeGroup\">\n<div class=\"nameLookups\">\n<p>Pouch</p>\n</div>\n</div>\n</div>", "PricePerMeasure": "3.64", "Error": "", "Manufacturer": "<div class=\"itemTypeGroupContainer productText\" style=\"page-break-inside : avoid\">\n<h3 class=\"printOnlyBlock partHead\">Manufacturer</h3>\n<div class=\"itemTypeGroup\">\n<div class=\"memo\">\n<p>GB - Mars Petcare UK,<br>PO Box 9346,<br>Melton Mowbray,<br>LE13 9DR.<br>\n<br>IRL - Mars Ireland,<br>PO Box 3856,<br>Dublin 4.</br></br></br></br></br></br></br></p>\n</div>\n</div>\n</div>"}, {"Preparation": "<div class=\"itemTypeGroupContainer productText\" style=\"page-break-inside : avoid\">\n<h3 class=\"printOnlyBlock partHead\">Preparation</h3>\n<div class=\"itemTypeGroup\">\n<div class=\"memo\">\n<p>WARNING: CONTENTS UNDER PRESSURE. OPEN AND HANDLE WITH CARE.</p>\n</div>\n</div>\n</div>", "Nutrition": "<div class=\"itemTypeGroupContainer productText\" style=\"page-break-inside : avoid\">\n<div class=\"itemTypeGroup\">\n<div class=\"textualNutrition\">\n<h3>Nutrition</h3>\n<p>\n<strong>Table of Nutritional Information</strong>\n</p>\n<div class=\"tableWrapper\" xmlns:asp=\"remove\">\n<table class=\"nutritionTable\">\n<thead>\n<tr>\n<th scope=\"col\"></th><th scope=\"col\">(per 100ml):</th>\n</tr>\n</thead>\n<tbody>\n<tr>\n<th class=\"rowHeader\" scope=\"row\">Energy:</th><td>63kJ, 15kcal</td>\n</tr>\n<tr>\n<th class=\"rowHeader\" scope=\"row\">Total Fat:</th><td>0g</td>\n</tr>\n<tr>\n<th scope=\"row\"> of which saturates:</th><td>0g</td>\n</tr>\n<tr>\n<th class=\"rowHeader\" scope=\"row\">Carbohydrate:</th><td>3.8g</td>\n</tr>\n<tr>\n<th scope=\"row\"> of which sugars:</th><td>2.9g</td>\n</tr>\n<tr>\n<th class=\"rowHeader\" scope=\"row\">Protein:</th><td>0g</td>\n</tr>\n<tr>\n<th class=\"rowHeader\" scope=\"row\">Salt:</th><td>0g</td>\n</tr>\n</tbody>\n</table>\n</div>\n<div class=\"nameTextLookups\"></div>\n</div>\n</div>\n</div>", "PricePerMeasureMeasure": "100ml", "Description": "<div class=\"itemTypeGroupContainer productText\" style=\"page-break-inside : avoid\">\n<h3>Description</h3>\n<div class=\"memo\">\n<p>Refreshingly Light Tonic Water</p>\n</div>\n<div class=\"longTextItems\">\n<p>Made with natural quinine</p>\n<p>Delicious, low in calories and nothing artificial</p>\n</div>\n<div class=\"itemTypeGroup\">\n<div class=\"memo\">\n<p>Using fruit sugars, we have developed this delicious reduced calorie tonic water. By blending subtle botanical flavours with spring water and quinine of the highest quality, it has the distinctive clean, crisp character of our Premium Indian Tonic Water but with 46% fewer calories.</p>\n</div>\n</div>\n</div>", "img": "/wcsstore7.30.4.18/ExtendedSitesCatalogAssetStore/images/catalog/productImages/24/5060108450324/5060108450324_L.jpeg", "Ingredients": "<div class=\"itemTypeGroupContainer productText\" style=\"page-break-inside : avoid\">\n<div class=\"itemTypeGroup\">\n<div class=\"longTextItems\">\n<h3 class=\"itemHeader\">Ingredients</h3>\n<ul class=\"productIngredients\">\n<li>Carbonated Spring Water, </li>\n<li>Fructose (Fruit Sugar), </li>\n<li>Acid: Citric Acid, </li>\n<li>Natural Flavours including Quinine</li>\n</ul>\n</div>\n</div>\n</div>", "Storage": "<div class=\"itemTypeGroupContainer productText\" style=\"page-break-inside : avoid\">\n<h3 class=\"printOnlyBlock partHead\">Storage</h3>\n<div class=\"itemTypeGroup\">\n<div class=\"memo\">\n<p>Do not store in direct sunlight. Keep refrigerated after opening and consume within three days.</p>\n</div>\n</div>\n</div>", "pricePerUnit": "1.35", "title": "Fever Tree Refreshingly Light Indian Tonic Water 500ml", "pricePerUnitUnit": "unit", "Packaging": "<div class=\"itemTypeGroupContainer productText\" style=\"page-break-inside : avoid\">\n<h3 class=\"printOnlyBlock partHead\">Packaging</h3>\n<div class=\"itemTypeGroup\">\n<div class=\"nameLookups\">\n<p>Bottle</p>\n</div>\n</div>\n</div>", "PricePerMeasure": "0.27", "Error": "", "Manufacturer": "<div class=\"itemTypeGroupContainer productText\" style=\"page-break-inside : avoid\">\n<h3 class=\"printOnlyBlock partHead\">Manufacturer</h3>\n<div class=\"itemTypeGroup\">\n<div class=\"memo\">\n<p>Fevertree Limited,<br>186-188 Shepherds Bush Road,<br>London,<br>W6 7NL,<br>UK.</br></br></br></br></p>\n</div>\n</div>\n</div>"}, {"Preparation": "<div class=\"itemTypeGroupContainer productText\" style=\"page-break-inside : avoid\">\n<h3 class=\"printOnlyBlock partHead\">Preparation</h3>\n<div class=\"itemTypeGroup\">\n<div class=\"nameTextLookups\">\n<p class=\"nameTextItem\">\n<span class=\"nameTextItemHead\">Oven cook: From Frozen</span>\n<p>Once defrosted do not refreeze.<br>All cooking appliances vary, the following is a guideline.<br>Take Care - product will be Hot.<br>Conventional Oven: Preheat oven to 230\u00b0C, 450\u00b0F, Gas Mark 8.<br>20-25 minutes<br>Fan Assisted Oven: Preheat oven to 210\u00b0C, 410\u00b0F.<br>20-25 minutes<br>Remove all packaging. Spread the Crinkle-Cut Chips evenly on a baking tray. Place the tray in the centre of a preheated oven and Cook for 20-25 Minutes until crisp and golden. Turn the Crinkle-Cut Chips at least once during cooking to ensure an even crispness.<br>Ensure the Crinkle-Cut Chips are piping hot before serving.<br>Not Suitable for Microwave Cooking.<br>For fan assisted and miniature ovens, refer to manufacturer's handbook for guidelines.<br>Please ensure product is piping hot before serving. Serve Immediately.</br></br></br></br></br></br></br></br></br></br></br></p>\n</p>\n</div>\n</div>\n</div>", "Nutrition": "<div class=\"itemTypeGroupContainer productText\" style=\"page-break-inside : avoid\">\n<div class=\"itemTypeGroup\">\n<div class=\"textualNutrition\">\n<h3>Nutrition</h3>\n<p>\n<strong>Table of Nutritional Information</strong>\n</p>\n<div class=\"tableWrapper\" xmlns:asp=\"remove\">\n<table class=\"nutritionTable\">\n<thead>\n<tr>\n<th scope=\"col\"></th><th scope=\"col\">Per 100g (as sold)</th><th scope=\"col\">Per 100g Serving* (as consumed)</th>\n</tr>\n</thead>\n<tbody>\n<tr>\n<th class=\"rowHeader\" scope=\"row\">Energy </th><td>556kJ/<br>133kcal</br></td><td>844kJ/<br>201kcal</br></td>\n</tr>\n<tr>\n<th class=\"rowHeader\" scope=\"row\">Fat </th><td>2.8g</td><td>5.9g</td>\n</tr>\n<tr>\n<th scope=\"row\">of which saturates </th><td>0.5g</td><td>0.8g</td>\n</tr>\n<tr>\n<th class=\"rowHeader\" scope=\"row\">Carbohydrate </th><td>20g</td><td>31g</td>\n</tr>\n<tr>\n<th scope=\"row\">of which sugars </th><td>&lt;0.5g</td><td>&lt;0.5g</td>\n</tr>\n<tr>\n<th class=\"rowHeader\" scope=\"row\">Fibre </th><td>2.0g</td><td>3.4g</td>\n</tr>\n<tr>\n<th class=\"rowHeader\" scope=\"row\">Protein </th><td>2.4g</td><td>3.7g</td>\n</tr>\n<tr>\n<th class=\"rowHeader\" scope=\"row\">Salt </th><td>0.38g</td><td>0.56g</td>\n</tr>\n<tr>\n<th colspan=\"3\" scope=\"row\">*This pack contains approximately 12 servings</th>\n</tr>\n</tbody>\n</table>\n</div>\n<div class=\"nameTextLookups\"></div>\n</div>\n</div>\n</div>", "PricePerMeasureMeasure": "kg", "Description": "<div class=\"itemTypeGroupContainer productText\" style=\"page-break-inside : avoid\">\n<h3>Description</h3>\n<div class=\"memo\">\n<p>Potato chips coated in batter</p>\n</div>\n<div class=\"longTextItems\">\n<p>Big bag more to share</p>\n<p>Crisp &amp; fluffy</p>\n<p>Made with sunflower oil</p>\n<p>Gluten free</p>\n<p>Suitable for vegetarians</p>\n</div>\n<div class=\"itemTypeGroup\">\n<div class=\"memo\">\n<p>Crinkle-Cut Chips <br>\"My Crinkle-Cut Chips are made for dipping. From cool mayo to classic ketchup, fresh salsa to chunky guacamole, these crowd-pleasing combos need crisp &amp; fluffy chip perfection, out of the oven in 25 minutes - and gone in seconds!\"</br></p>\n</div>\n<div class=\"memo\">\n<p>Follow Me!<br>For all my latest news, tasty recipe ideas and competitions.<br>facebook.com/auntbessies<br>twitter.com/auntbessies<br>\n<br>Did You Know?<br>We don't waste a thing when it comes to our tasty potato range.<br>We use 100% of the potato and use the peel for animal feed.<br>Visit www.auntbessies.co.uk to find out more.</br></br></br></br></br></br></br></br></p>\n</div>\n<div class=\"memo\">\n<p>Aunt Bessie's logo and device is a registered trademark of Aunt Bessies Ltd.</p>\n</div>\n</div>\n</div>", "img": "/wcsstore7.30.4.18/ExtendedSitesCatalogAssetStore/images/catalog/productImages/63/5000227505963/5000227505963_L.jpeg", "Ingredients": "<div class=\"itemTypeGroupContainer productText\" style=\"page-break-inside : avoid\">\n<div class=\"itemTypeGroup\">\n<div class=\"longTextItems\">\n<h3 class=\"itemHeader\">Ingredients</h3>\n<ul class=\"productIngredients\">\n<li>Potato (93%), </li>\n<li>Sunflower Oil (4%), </li>\n<li>Rice Flour, </li>\n<li>Dextrin, </li>\n<li>Potato Starch, </li>\n<li>Salt, </li>\n<li>Turmeric Powder, </li>\n<li>Paprika Flavouring, </li>\n<li>Dextrose</li>\n</ul>\n</div>\n</div>\n</div>", "Storage": "<div class=\"itemTypeGroupContainer productText\" style=\"page-break-inside : avoid\">\n<h3 class=\"printOnlyBlock partHead\">Storage</h3>\n<div class=\"itemTypeGroup\">\n<div class=\"memo\">\n<p>Keep me frozen<br>*Freezer **** Until best before date<br>*Star marked frozen food compartment<br>*** Until best before date<br>** 1 Month<br>* 1 Week<br>Ice making compartment 3 Days<br>*Should be at least -18\u00b0C<br>Cook straight from the freezer<br>Once defrosted do not refreeze</br></br></br></br></br></br></br></br></br></p>\n</div>\n<p class=\"statements\">\n<p>Cannot be Microwaved</p>\n<p>Keep Frozen</p>\n</p>\n</div>\n</div>", "pricePerUnit": "2.00", "title": "Aunt Bessie's Homestyle Crinkle Cut Chips 1.5kg", "pricePerUnitUnit": "unit", "Packaging": "<div class=\"itemTypeGroupContainer productText\" style=\"page-break-inside : avoid\">\n<h3 class=\"printOnlyBlock partHead\">Packaging</h3>\n<div class=\"itemTypeGroup\">\n<div class=\"nameLookups\">\n<p>Pack</p>\n</div>\n</div>\n</div>", "PricePerMeasure": "1.34", "Dietary Information": "<div class=\"itemTypeGroupContainer productText\" style=\"page-break-inside : avoid\">\n<h3>Dietary Information</h3>\n<div class=\"itemTypeGroup\">\n<p class=\"statements\">\n<p>Suitable for Vegetarians</p>\n</p>\n<div class=\"memo\">\n<p></p>\n</div>\n<div class=\"nameLookups\">\n<p>Free From Gluten</p>\n</div>\n</div>\n</div>", "Error": "", "Manufacturer": "<div class=\"itemTypeGroupContainer productText\" style=\"page-break-inside : avoid\">\n<h3 class=\"printOnlyBlock partHead\">Manufacturer</h3>\n<div class=\"itemTypeGroup\">\n<div class=\"memo\">\n<p>Aunt Bessie's Limited,<br>Freightliner Road,<br>Kingston upon Hull,<br>HU3 4UW.</br></br></br></p>\n</div>\n</div>\n</div>"}, {"Preparation": "<div class=\"itemTypeGroupContainer productText\" style=\"page-break-inside : avoid\">\n<h3 class=\"printOnlyBlock partHead\">Preparation</h3>\n<div class=\"itemTypeGroup\">\n<div class=\"memo\">\n<p>Feeding instructions: Large dogs, e.g. a Labrador, feed 1 stick per day. This is a chewy treat that is not suitable for dogs under 25 kg or for young puppies under 4 months. Use each sachet within 14 days of opening. Fresh drinking water should always be available.</p>\n</div>\n</div>\n</div>", "Information": "<div class=\"itemTypeGroupContainer productText\" style=\"page-break-inside : avoid\">\n<h3>Information</h3>\n<div class=\"itemTypeGroup\">\n<p class=\"statements\">\n<p>Low Fat</p>\n<p>No Added Sugar</p>\n</p>\n<div class=\"memo\">\n<p></p>\n</div>\n<div class=\"nameLookups\">\n<p>Free From Artificial Colours</p>\n<p>Free From Artificial Flavours</p>\n</div>\n</div>\n</div>", "PricePerMeasureMeasure": "kg", "Description": "<div class=\"itemTypeGroupContainer productText\" style=\"page-break-inside : avoid\">\n<h3>Description</h3>\n<div class=\"memo\">\n<p>Complementary pet food for dogs over 4 months.</p>\n</div>\n<div class=\"longTextItems\">\n<p>DentaStix\u00ae dog chews are scientifically proven to reduce tartar build up by up to 80% when fed daily</p>\n<p>The combination of special texture and active ingredients is what makes Pedigree\u00ae DentaStix\u00ae dog chews effective</p>\n<p>Pedigree\u00ae DentaStix\u00ae dental sticks are recommended by Vets and developed with the help of vets and nutritionists at Waltham\u2122 Centre for Pet Nutrition</p>\n<p>Dog treats that are low in fat, with no added sugar and free from artificial colours and flavours</p>\n<p>Tasty pet chews available in single and multipack formats and in different sizes to provide  oral care for small, medium and large dogs</p>\n</div>\n<div class=\"itemTypeGroup\">\n<div class=\"memo\">\n<p>Pedigree\u00ae Daily DentaStix\u00ae are uniquely X shaped dental sticks that are scientifically proven to help reduce tartar build-up by up to 80%, when fed daily.<br>Pedigree\u00ae Daily DentaStix\u00ae are designed to be chewed for long enough to be effective, with a gently abrasive texture and active ingredients that help to reduce the build-up of plaque and tartar.<br>Tasty but low in fat, with no added sugar and free from artificial colours and flavours. Pedigree\u00ae - feed the good in your dog.<br>\n<br>Dogs use their mouth for everything, so having healthy teeth and gums is absolutely essential for them to be the best version of themselves. Yet 4 out of 5 dogs over the age of 3 years suffer from gum disease, which can slow them down as well as lead to vet's treatment.<br>With the help of vets and nutritionists at Waltham\u2122 Centre for Pet Nutrition, Pedigree\u00ae has developed a range of tasty dog chews that reduce plaque and tartar build-up, helping to lower the risk of gum disease.</br></br></br></br></br></p>\n</div>\n<div class=\"memo\">\n<p>At Pedigree\u00ae, we believe that dogs are good for us. Every day, their wonderful innocence brings out the good in us.<br>The Pedigree\u00ae complete range of tasty and wholesome dog food and dog treats delivers everything that is essential to support and fuel all dogs' exuberant love of life. So that day after day, dog owners can feed the good in their dogs.</br></p>\n</div>\n<div class=\"memo\">\n<p>\u2122/\u00ae/designs/\u00a9 Mars</p>\n</div>\n</div>\n</div>", "img": "/wcsstore7.30.4.18/ExtendedSitesCatalogAssetStore/images/catalog/productImages/41/5010394001441/5010394001441_L.jpeg", "Nutrition": "<div class=\"itemTypeGroupContainer productText\" style=\"page-break-inside : avoid\">\n<div class=\"itemTypeGroup\">\n<div class=\"textualNutrition\">\n<h3>Nutrition</h3>\n<p>\n<strong>Table of Nutritional Information</strong>\n</p>\n<div class=\"tableWrapper\" xmlns:asp=\"remove\">\n<table class=\"nutritionTable\">\n<thead>\n<tr>\n<th scope=\"col\"></th><th scope=\"col\">Analytical constituents (%):</th>\n</tr>\n</thead>\n<tbody>\n<tr>\n<th class=\"rowHeader\" scope=\"row\">Protein:</th><td>7.7</td>\n</tr>\n<tr>\n<th class=\"rowHeader\" scope=\"row\">Fat content:</th><td>1.3</td>\n</tr>\n<tr>\n<th class=\"rowHeader\" scope=\"row\">Inorganic matter:</th><td>5.4</td>\n</tr>\n<tr>\n<th class=\"rowHeader\" scope=\"row\">Crude fibres:</th><td>0.7</td>\n</tr>\n<tr>\n<th class=\"rowHeader\" scope=\"row\">Moisture:</th><td>16.2</td>\n</tr>\n<tr>\n<th class=\"rowHeader\" scope=\"row\">Energy:</th><td>308 kcal/<br>100g</br></td>\n</tr>\n<tr>\n<th colspan=\"2\" scope=\"row\">Additives per kg:</th>\n</tr>\n<tr>\n<th colspan=\"2\" scope=\"row\">Nutritional additives:</th>\n</tr>\n<tr>\n<th colspan=\"2\" scope=\"row\">Sensory additives:</th>\n</tr>\n<tr>\n<th class=\"rowHeader\" scope=\"row\">Beef flavour:</th><td>11.5 mg</td>\n</tr>\n<tr>\n<th class=\"rowHeader\" scope=\"row\">Chicken flavour:</th><td>20.1 mg</td>\n</tr>\n</tbody>\n</table>\n</div>\n<div class=\"nameTextLookups\"></div>\n<p>\n<strong>Table of Vitamins and Minerals Information</strong>\n</p>\n<div class=\"tableWrapper\" xmlns:asp=\"remove\">\n<table class=\"nutritionTable\">\n<thead>\n<tr>\n<th scope=\"col\"></th><th scope=\"col\">Analytical constituents (%):</th>\n</tr>\n</thead>\n<tbody>\n<tr>\n<th class=\"rowHeader\" scope=\"row\">Vitamin E:</th><td>1365 mg</td>\n</tr>\n<tr>\n<th class=\"rowHeader\" scope=\"row\">Zinc sulphate heptahydrate:</th><td>830 mg</td>\n</tr>\n</tbody>\n</table>\n</div>\n</div>\n</div>\n</div>", "Storage": "<div class=\"itemTypeGroupContainer productText\" style=\"page-break-inside : avoid\">\n<h3 class=\"printOnlyBlock partHead\">Storage</h3>\n<div class=\"itemTypeGroup\">\n<div class=\"memo\">\n<p>Store in a cool and dry place.<br>Best before date: see back of pack.</br></p>\n</div>\n</div>\n</div>", "pricePerUnit": "13.50", "Ingredients": "<div class=\"itemTypeGroupContainer productText\" style=\"page-break-inside : avoid\">\n<div class=\"itemTypeGroup\">\n<div class=\"longTextItems\">\n<h3 class=\"itemHeader\">Ingredients</h3>\n<ul class=\"productIngredients\">\n<li>Cereals, </li>\n<li>Derivatives of Vegetable Origin, </li>\n<li>Minerals including 2.3% Sodium Tripolyphosphate, </li>\n<li>Meat and Animal Derivatives, </li>\n<li>Oils and Fats</li>\n</ul>\n</div>\n</div>\n</div>", "pricePerUnitUnit": "unit", "Packaging": "<div class=\"itemTypeGroupContainer productText\" style=\"page-break-inside : avoid\">\n<h3 class=\"printOnlyBlock partHead\">Packaging</h3>\n<div class=\"itemTypeGroup\">\n<div class=\"nameLookups\">\n<p>Box</p>\n</div>\n</div>\n</div>", "PricePerMeasure": "6.25", "Error": "", "title": "Pedigree Dentastix Daily Oral Care Large Dog Chew x56 Sticks", "Manufacturer": "<div class=\"itemTypeGroupContainer productText\" style=\"page-break-inside : avoid\">\n<h3 class=\"printOnlyBlock partHead\">Manufacturer</h3>\n<div class=\"itemTypeGroup\">\n<div class=\"memo\">\n<p>GB: Freepost Mars Petcare UK.<br>\n<br>IRL: Mars Ireland,<br>PO Box 3856,<br>Dublin 4.</br></br></br></br></p>\n</div>\n</div>\n</div>"}, {"PricePerMeasureMeasure": "100ml", "Description": "<div class=\"productText\">\n<p>Moisturising Aftersun Lotion</p>\n<p>\n            \u00a0\n            </p>\n<p>\n<p>Sun Protect by Sainsbury's\u00a0</p>\n<p>24hr moisturisation\u00a0</p>\n<p>Soothing\u00a0</p>\n<p>Helps prevent peeling\u00a0</p>\n<p>Relieves tightness of skin\u00a0</p>\n<p>Dermatologically Tested \u00a0</p>\n<p>A gentle soothing lotion that provides  intensive moisturisation to sun-exposed skin.\u00a0</p>\n<p>With Aloe Vera, Panthenol &amp; Shea Butter, it soothes, reduces dryness and helps to prevent peeling.\u00a0</p>\n<p>The lightweight and non-greasy formula helps leave your skin soft &amp; supple.  The special blend of moisturisers helps keep your skin hydrated for 24 hours, for a long-lasting beautiful tan.\u00a0</p>\n<p>\u00a0</p>\n<p>Suitable for vegetarians &amp; vegans.</p>\n</p>\n</div>", "img": "/wcsstore7.30.4.18/ExtendedSitesCatalogAssetStore/images/catalog/productImages/33/0000001644333/0000001644333_L.jpeg", "Ingredients": "<div class=\"productText\">\n<p><p>Aqua, Aloe Barbadensis Leaf Juice, Alcohol Denat., Glycerin, Cetearyl Isononanoate, Diethylhexyl Carbonate, Glyceryl, Stearate SE, Hydrogenated Coco-Glycerides, Dicaprylyl Ether, Cetearyl Alcohol, Phenoxyethanol, Panthenol, Tocopheryl Acetate, Butyrospermum Parkii Butter, Parfum, Sodium Acrylates/C10-30 Alkyl Acrylate Crosspolymer, Xanthan Gum, Cucumis Sativus Fruit Extract, Tocopherol, Benzyl Alcohol, Citronellol</p></p>\n</div>", "Country of Origin": "<div class=\"productText\">\n<p>Produced in United Kingdom</p>\n</div>", "pricePerUnit": "3.00", "Environmental Information": "<div class=\"productText\">\n<p>We are against animal testing and fund research into alternatives.</p>\n</div>", "Storage": "<div class=\"productText\">\n<p>Store away from moisture, heat and direct sunlight </p>\n</div>", "Packaging": "<div class=\"productText\">\n<p>Plastic - PP bottle</p>\n<p>Plastic - PP cap</p>\n<p>LDPE front Label</p>\n<p>LDPE back Label</p>\n</div>", "PricePerMeasure": "1.50", "Dietary Information": "<div class=\"productText\">\n<p>Benzyl Alcohol &amp; Citronellol</p>\n</div>", "Error": "", "Usage": "<div class=\"productText\">\n<p>Apply all over after sun exposure.</p>\n</div>", "title": "Sainsbury's Sun Protect Moisturising Aftersun Lotion 200ml", "Size": "<div class=\"productText\">\n<p>200ml</p>\n</div>", "pricePerUnitUnit": "unit", "Manufacturer": "<div class=\"productText\">\n<p>We are happy to replace this item if it is not satisfactory</p>\n<p>Sainsbury's Supermarkets Ltd.</p>\n<p>33 Holborn, London EC1N 2HT</p>\n<p>Customer services 0800 636262</p>\n</div>"}, {"PricePerMeasureMeasure": "ea", "Description": "<div class=\"productText\">\n<p>Hayfever and Allergy Relief Cetirizine 14 Tablets</p>\n<p>\n            \u00a0\n            </p>\n<p>\n<p>Cetirizine Hydrochloride. One-a-day. Hayfever, skin allergies, dust allergies, pet allergies</p>\n</p>\n</div>", "img": "/wcsstore7.30.4.18/ExtendedSitesCatalogAssetStore/images/catalog/productImages/07/0000001486407/0000001486407_L.jpeg", "Ingredients": "<div class=\"productText\">\n<p>Each film-coated tablet contains 10mg of Cetirizine Hydrochloride. Also contains Lactose.\u00a0\n</p>\n</div>", "Country of Origin": "<div class=\"productText\"><p>Produced in United Kingdom</p></div>", "pricePerUnit": "1.50", "title": "Sainsbury's Hayfever & Allergy Relief x14", "pricePerUnitUnit": "unit", "Packaging": "<div class=\"productText\">\n<p>Carton board carton</p>\n<p>PVC blister</p>\n<p>Aluminium blister</p>\n<p>Paper leaflet</p>\n</div>", "PricePerMeasure": "0.11", "Error": "", "Usage": "<div class=\"productText\">\n<p>For oral use. To be swallowed whole with water.</p>\n</div>", "Size": "<div class=\"productText\">\n<p>14 tablets</p>\n</div>", "Dosage": "<div class=\"productText\">\n<p>For oral use. To be swallowed whole with water.\u00a0</p>\n<p>Adults and children aged 12 years and above.\u00a0</p>\n<p>Take one tablet once a day\u00a0</p>\n<p>Children aged 6 to 12 years\u00a0</p>\n<p>Take half a tablet twice a day.\u00a0</p>\n<p>Do not give to children under 6 years of age.\u00a0</p>\n<p>Do not take more medicine than the label tells you to.</p>\n</div>", "Manufacturer": "<div class=\"productText\">\n<p>We are happy to replace this item if it is not satisfactory</p>\n<p>Sainsbury's Supermarkets Ltd.</p>\n<p>33 Holborn, London EC1N 2HT</p>\n<p>Customer services 0800 636262</p>\n</div>"}, {"Nutrition": "<div class=\"productText\">\n<div class=\"nutritionalContentSummary\">\n<h2 class=\"reference\">Per serving </h2>\n<ul class=\"lozengeBlock\">\n<li class=\"lozenge energy energy\">\n<div class=\"lozengeHeaderSection\">\n<h3 class=\"lozengeTitle\">ENERGY</h3>\n<p>882kJ</p>\n<p>211kcal</p>\n</div>\n<div class=\"percentage\">\n<p>11%</p>\n</div>\n<p class=\"access\">white</p>\n</li>\n<li class=\"lozenge high fat\">\n<div class=\"lozengeHeaderSection\">\n<h3 class=\"lozengeTitle\">FAT</h3>\n<p>10.2g</p>\n</div>\n<div class=\"percentage\">\n<p>15%</p>\n</div>\n<p class=\"access\">red</p>\n</li>\n<li class=\"lozenge high saturates\">\n<div class=\"lozengeHeaderSection\">\n<h3 class=\"lozengeTitle\">SATURATES</h3>\n<p>5.7g</p>\n</div>\n<div class=\"percentage\">\n<p>29%</p>\n</div>\n<p class=\"access\">red</p>\n</li>\n<li class=\"lozenge medium sugars\">\n<div class=\"lozengeHeaderSection\">\n<h3 class=\"lozengeTitle\">SUGARS</h3>\n<p>7.4g</p>\n</div>\n<div class=\"percentage\">\n<p>8%</p>\n</div>\n<p class=\"access\">amber</p>\n</li>\n<li class=\"lozenge low salt\">\n<div class=\"lozengeHeaderSection\">\n<h3 class=\"lozengeTitle\">SALT</h3>\n<p>0.13g</p>\n</div>\n<div class=\"percentage\">\n<p>2%</p>\n</div>\n<p class=\"access\">green</p>\n</li>\n</ul>\n<div class=\"lozengeFooter\">\n<p>% of the Reference Intakes</p>\n<p> Per 100g : Energy 1604 kJ/383 kcal</p>\n<p>RI= Reference intake of an average adult (8400 kJ/2000 kcal)</p>\n</div>\n</div>\n<div>\n<p>\n<strong>Table of Nutritional Information</strong>\n</p>\n<div class=\"tableWrapper\">\n<table class=\"nutritionTable\">\n<thead>\n<tr class=\"tableTitleRow\">\n<th scope=\"col\"></th><th scope=\"col\">Per 100g\u00a0</th><th scope=\"col\">Per serving\u00a0</th><th scope=\"col\">% based on RI for Average Adult</th>\n</tr>\n</thead>\n<tr class=\"tableRow1\">\n<th class=\"rowHeader\" rowspan=\"2\" scope=\"row\">Energy</th><td class=\"tableRow1\">1604kJ</td><td class=\"tableRow1\">882kJ</td><td class=\"tableRow1\">-</td>\n</tr>\n<tr class=\"tableRow0\">\n<td class=\"tableRow0\">383kcal</td><td class=\"\">211kcal</td><td class=\"\">11%</td>\n</tr>\n<tr class=\"tableRow1\">\n<th class=\"rowHeader\" scope=\"row\">Fat</th><td class=\"tableRow1\">18.6g</td><td class=\"nutritionLevel3\">10.2g</td><td class=\"nutritionLevel3\">15%</td>\n</tr>\n<tr class=\"tableRow0\">\n<th class=\"rowHeader\" scope=\"row\">Saturates</th><td class=\"tableRow0\">10.4g</td><td class=\"nutritionLevel3\">5.7g</td><td class=\"nutritionLevel3\">29%</td>\n</tr>\n<tr class=\"tableRow1\">\n<th class=\"rowHeader\" scope=\"row\">Mono-unsaturates</th><td class=\"tableRow1\">5.8g</td><td class=\"\">3.2g</td><td class=\"\">-</td>\n</tr>\n<tr class=\"tableRow0\">\n<th class=\"rowHeader\" scope=\"row\">Polyunsaturates</th><td class=\"tableRow0\">1.6g</td><td class=\"\">0.9g</td><td class=\"\">-</td>\n</tr>\n<tr class=\"tableRow1\">\n<th class=\"rowHeader\" scope=\"row\">Trans Fat</th><td class=\"tableRow1\">0.1g</td><td class=\"\">0.1g</td><td class=\"\">-</td>\n</tr>\n<tr class=\"tableRow0\">\n<th class=\"rowHeader\" scope=\"row\">Carbohydrate</th><td class=\"tableRow0\">46.4g</td><td class=\"\">25.5g</td><td class=\"\">10%</td>\n</tr>\n<tr class=\"tableRow1\">\n<th class=\"rowHeader\" scope=\"row\">Sugars</th><td class=\"tableRow1\">13.5g</td><td class=\"nutritionLevel2\">7.4g</td><td class=\"nutritionLevel2\">8%</td>\n</tr>\n<tr class=\"tableRow0\">\n<th class=\"rowHeader\" scope=\"row\">Starch</th><td class=\"tableRow0\">32.9g</td><td class=\"\">18.1g</td><td class=\"\">-</td>\n</tr>\n<tr class=\"tableRow1\">\n<th class=\"rowHeader\" scope=\"row\">Fibre</th><td class=\"tableRow1\">1.0g</td><td class=\"\">0.6g</td><td class=\"\">-</td>\n</tr>\n<tr class=\"tableRow0\">\n<th class=\"rowHeader\" scope=\"row\">Protein</th><td class=\"tableRow0\">7.0g</td><td class=\"\">3.9g</td><td class=\"\">8%</td>\n</tr>\n<tr class=\"tableRow1\">\n<th class=\"rowHeader\" scope=\"row\">Salt</th><td class=\"tableRow1\">0.23g</td><td class=\"nutritionLevel1\">0.13g</td><td class=\"nutritionLevel1\">2%</td>\n</tr>\n</table>\n</div>\n<p>Reference intake of an average adult (8400 kJ / 2000 kcal)</p>\n<p>This pack contains 12, 4 servings</p>\n</div>\n</div>", "PricePerMeasureMeasure": "ea", "Description": "<div class=\"productText\">\n<p>White iced doughnut topped with coloured sugar strands</p>\n<p>\n<p></p>\n</p>\n</div>", "img": "/wcsstore7.30.4.18/ExtendedSitesCatalogAssetStore/images/catalog/productImages/70/0000001063370/0000001063370_L.jpeg", "Ingredients": "<div class=\"productText\">\n<p><strong>INGREDIENTS:</strong><strong>Wheat</strong> Flour, Water, Icing (13%) (Sugar, Palm Oil, Coconut Oil, Emulsifier:Sunflower Lecithin;, Salt, Flavouring), Palm Oil, Sugar Strands (5%) (Sugar, Maize Starch, Palm Oil, Palm Kernel Oil, Water, Colour:Paprika Extract, Lutein;, Glazing Agents:Acacia Gum, Shellac;, Emulsifier:Rapeseed Lecithin;, Potato Starch), Dextrose, Yeast, Emulsifiers:Mono- and Diglycerides of Fatty Acids, Sodium Stearoyl-2-Lactylate;, Raising Agents:Potassium Hydrogen Carbonate, Diphosphates, Calcium Phosphate;, Skimmed Cows' <strong>Milk</strong> Powder, Rapeseed Oil, Salt, <strong>Soya</strong> Flour, Flour Treatment Agent:Ascorbic Acid;.</p>\n</div>", "Country of Origin": "<div class=\"productText\">\n<p>Produced in Germany</p>\n</div>", "pricePerUnit": "0.80", "title": "Sainsbury's Doughnuts White Iced Ring x4", "Storage": "<div class=\"productText\">\n<p>For best before date: see label Store in a cool, dry place </p>\n</div>", "Packaging": "<div class=\"productText\">\n<p>Corrugated board tray</p>\n<p>OPP flow wrap</p>\n</div>", "PricePerMeasure": "0.20", "Dietary Information": "<div class=\"productText\">\n<p>Allergy Advice<br/>For allergens, including cereals containing gluten, see ingredients in <strong>bold</strong><br/>Products from the In-Store Bakery are not suitable for customers with an allergy to Peanut, Nut, Sesame, Milk, Egg, Celery, Mustard, Wheat, Gluten, Rye, Barley, Oat, Spelt, Kamut, Soya or Sulphites due to manufacturing methods.</p>\n</div>", "Error": "", "pricePerUnitUnit": "unit", "Manufacturer": "<div class=\"productText\">\n<p>We are happy to replace this item if it is not satisfactory</p>\n<p>Sainsbury's Supermarkets Ltd.</p>\n<p>33 Holborn, London EC1N 2HT</p>\n<p>Customer services 0800 636262</p>\n</div>"}, {"Nutrition": "<div class=\"productText\">\n<div class=\"nutritionalContentSummary\">\n<h2 class=\"reference\">per muffin Typical Values</h2>\n<ul class=\"lozengeBlock\">\n<li class=\"lozenge energy energy\">\n<div class=\"lozengeHeaderSection\">\n<h3 class=\"lozengeTitle\">ENERGY</h3>\n<p>691kJ</p>\n<p>164kcal</p>\n</div>\n<div class=\"percentage\">\n<p>8%</p>\n</div>\n<p class=\"access\">white</p>\n</li>\n<li class=\"lozenge medium fat\">\n<div class=\"lozengeHeaderSection\">\n<h3 class=\"lozengeTitle\">FAT</h3>\n<p>4.3g</p>\n</div>\n<div class=\"percentage\">\n<p>6%</p>\n</div>\n<p class=\"access\">amber</p>\n</li>\n<li class=\"lozenge medium saturates\">\n<div class=\"lozengeHeaderSection\">\n<h3 class=\"lozengeTitle\">SATURATES</h3>\n<p>2.6g</p>\n</div>\n<div class=\"percentage\">\n<p>13%</p>\n</div>\n<p class=\"access\">amber</p>\n</li>\n<li class=\"lozenge low sugars\">\n<div class=\"lozengeHeaderSection\">\n<h3 class=\"lozengeTitle\">SUGARS</h3>\n<p>2.0g</p>\n</div>\n<div class=\"percentage\">\n<p>2%</p>\n</div>\n<p class=\"access\">green</p>\n</li>\n<li class=\"lozenge medium salt\">\n<div class=\"lozengeHeaderSection\">\n<h3 class=\"lozengeTitle\">SALT</h3>\n<p>0.72g</p>\n</div>\n<div class=\"percentage\">\n<p>12%</p>\n</div>\n<p class=\"access\">amber</p>\n</li>\n</ul>\n<div class=\"lozengeFooter\">\n<p>% of the Reference Intakes</p>\n<p>Typical Values Per 100g : Energy 1086 kJ/258 kcal</p>\n<p>RI= Reference intake of an average adult (8400 kJ/2000 kcal)</p>\n</div>\n</div>\n<div>\n<p>\n<strong>Table of Nutritional Information</strong>\n</p>\n<div class=\"tableWrapper\">\n<table class=\"nutritionTable\">\n<thead>\n<tr class=\"tableTitleRow\">\n<th scope=\"col\">Typical Values</th><th scope=\"col\">Per 100g\u00a0</th><th scope=\"col\">per muffin\u00a0</th><th scope=\"col\">% based on RI for Average Adult</th>\n</tr>\n</thead>\n<tr class=\"tableRow1\">\n<th class=\"rowHeader\" rowspan=\"2\" scope=\"row\">Energy</th><td class=\"tableRow1\">1086kJ</td><td class=\"tableRow1\">691kJ</td><td class=\"tableRow1\">-</td>\n</tr>\n<tr class=\"tableRow0\">\n<td class=\"tableRow0\">258kcal</td><td class=\"\">164kcal</td><td class=\"\">8%</td>\n</tr>\n<tr class=\"tableRow1\">\n<th class=\"rowHeader\" scope=\"row\">Fat</th><td class=\"tableRow1\">6.7g</td><td class=\"nutritionLevel2\">4.3g</td><td class=\"nutritionLevel2\">6%</td>\n</tr>\n<tr class=\"tableRow0\">\n<th class=\"rowHeader\" scope=\"row\">Saturates</th><td class=\"tableRow0\">4.1g</td><td class=\"nutritionLevel2\">2.6g</td><td class=\"nutritionLevel2\">13%</td>\n</tr>\n<tr class=\"tableRow1\">\n<th class=\"rowHeader\" scope=\"row\">Mono-unsaturates</th><td class=\"tableRow1\">1.6g</td><td class=\"\">1.0g</td><td class=\"\">-</td>\n</tr>\n<tr class=\"tableRow0\">\n<th class=\"rowHeader\" scope=\"row\">Polyunsaturates</th><td class=\"tableRow0\">0.7g</td><td class=\"\">0.4g</td><td class=\"\">-</td>\n</tr>\n<tr class=\"tableRow1\">\n<th class=\"rowHeader\" scope=\"row\">Carbohydrate</th><td class=\"tableRow1\">34.9g</td><td class=\"\">22.2g</td><td class=\"\">9%</td>\n</tr>\n<tr class=\"tableRow0\">\n<th class=\"rowHeader\" scope=\"row\">Sugars</th><td class=\"tableRow0\">3.1g</td><td class=\"nutritionLevel1\">2.0g</td><td class=\"nutritionLevel1\">2%</td>\n</tr>\n<tr class=\"tableRow1\">\n<th class=\"rowHeader\" scope=\"row\">Starch</th><td class=\"tableRow1\">31.8g</td><td class=\"\">20.3g</td><td class=\"\">-</td>\n</tr>\n<tr class=\"tableRow0\">\n<th class=\"rowHeader\" scope=\"row\">Fibre</th><td class=\"tableRow0\">2.7g</td><td class=\"\">1.7g</td><td class=\"\">-</td>\n</tr>\n<tr class=\"tableRow1\">\n<th class=\"rowHeader\" scope=\"row\">Protein</th><td class=\"tableRow1\">13.1g</td><td class=\"\">8.3g</td><td class=\"\">17%</td>\n</tr>\n<tr class=\"tableRow0\">\n<th class=\"rowHeader\" scope=\"row\">Salt</th><td class=\"tableRow0\">1.13g</td><td class=\"nutritionLevel2\">0.72g</td><td class=\"nutritionLevel2\">12%</td>\n</tr>\n</table>\n</div>\n<p>Reference intake of an average adult (8400 kJ / 2000 kcal)</p>\n<p>This pack contains 4 servings</p>\n</div>\n</div>", "PricePerMeasureMeasure": "ea", "Description": "<div class=\"productText\">\n<p>4 Cheese and black pepper muffins</p>\n<p>\n            \u00a0\n            </p>\n<p>\n<p>Deliciously soft, savoury muffins, packed with Taste the Difference Extra Matured West Country Farmhouse Cheddar and seasoned with a twist of black pepper.\u00a0</p>\n<p>We are passionate about great tasting food. Whatever we're working on we take pride in bringing you the best with no compromises.</p>\n</p>\n</div>", "img": "/wcsstore7.30.4.18/ExtendedSitesCatalogAssetStore/images/catalog/productImages/50/0000001071450/0000001071450_L.jpeg", "Ingredients": "<div class=\"productText\">\n<p><p><strong>INGREDIENTS: </strong>Fortified British Wheat Flour (Wheat Flour, Calcium Carbonate, Iron, Niacin, Thiamin), Water, Taste The Difference Extra Mature West Country Farmhouse Cheddar Cheese (Cows' Milk) (18%), Yeast, <strong>Wheat</strong> Gluten, Semolina (<strong>Wheat</strong>), Salt, Fermented <strong>Wheat</strong> Flour, Spirit Vinegar, Sugar, Black Pepper.</p></p>\n<p>Packaged in a protective atmosphere. Gas mix: 95%CO2, 5% O2</p>\n</div>", "Preparation and Safety": "<div class=\"productText\">\n<p>\n<strong>Cooking instructions: other</strong>\n</p>\n<p>To grill. \nBefore cooking: Preheat grill. Remove muffins from packaging, slice and place on grill pan. \nDuring cooking: Turn once. \nAll cooking appliances vary. This is a guide only. \nAlso suitable for toasting.\n\nTo cook on grill\nModerate heat\n2-3 mins</p>\n</div>", "Country of Origin": "<div class=\"productText\">\n<p>Produced in United Kingdom</p>\n</div>", "pricePerUnit": "1.50", "title": "Sainsbury's Cheese & Black Pepper Muffins, Taste the Difference x4", "Storage": "<div class=\"productText\">\n<p>How to store Best before: see top of pack Store in a cool, dry place away from strong light. </p>\n<p>For best quality, freeze as soon as possible after purchase and always within the best before date Once frozen consume within 1 month Once defrosted use the same day </p>\n</div>", "Packaging": "<div class=\"productText\">\n<p>Carton board laminate base</p>\n<p>OPP film</p>\n</div>", "PricePerMeasure": "0.38", "Dietary Information": "<div class=\"productText\">\n<p>Allergy Advice<br/>For allergens, including cereals containing gluten, see ingredients in <strong>bold</strong></p>\n</div>", "Error": "", "Size": "<div class=\"productText\">\n<p>262gram e</p>\n</div>", "pricePerUnitUnit": "unit", "Manufacturer": "<div class=\"productText\">\n<p>We are happy to replace this item if it is not satisfactory</p>\n<p>Sainsbury's Supermarkets Ltd.</p>\n<p>33 Holborn, London EC1N 2HT</p>\n<p>Customer services 0800 636262</p>\n</div>"}, {"Nutrition": "<div class=\"productText\">\n<div class=\"nutritionalContentSummary\">\n<h2 class=\"reference\">A serving contains Typical Values\n(cooked as per instructions)</h2>\n<ul class=\"lozengeBlock\">\n<li class=\"lozenge energy energy\">\n<div class=\"lozengeHeaderSection\">\n<h3 class=\"lozengeTitle\">ENERGY</h3>\n<p>1219kJ</p>\n<p>289kcal</p>\n</div>\n<div class=\"percentage\">\n<p>14%</p>\n</div>\n<p class=\"access\">white</p>\n</li>\n<li class=\"lozenge medium fat\">\n<div class=\"lozengeHeaderSection\">\n<h3 class=\"lozengeTitle\">FAT</h3>\n<p>5.6g</p>\n</div>\n<div class=\"percentage\">\n<p>8%</p>\n</div>\n<p class=\"access\">amber</p>\n</li>\n<li class=\"lozenge medium saturates\">\n<div class=\"lozengeHeaderSection\">\n<h3 class=\"lozengeTitle\">SATURATES</h3>\n<p>3.4g</p>\n</div>\n<div class=\"percentage\">\n<p>17%</p>\n</div>\n<p class=\"access\">amber</p>\n</li>\n<li class=\"lozenge high sugars\">\n<div class=\"lozengeHeaderSection\">\n<h3 class=\"lozengeTitle\">SUGARS</h3>\n<p>20.3g</p>\n</div>\n<div class=\"percentage\">\n<p>23%</p>\n</div>\n<p class=\"access\">red</p>\n</li>\n<li class=\"lozenge medium salt\">\n<div class=\"lozengeHeaderSection\">\n<h3 class=\"lozengeTitle\">SALT</h3>\n<p>0.68g</p>\n</div>\n<div class=\"percentage\">\n<p>11%</p>\n</div>\n<p class=\"access\">amber</p>\n</li>\n</ul>\n<div class=\"lozengeFooter\">\n<p>% of the Reference Intakes</p>\n<p>Typical Values\n(cooked as per instructions) 100g contains : Energy 1355 kJ/321 kcal</p>\n<p>/</p>\n</div>\n</div>\n<div>\n<p>\n<strong>Table of Nutritional Information</strong>\n</p>\n<div class=\"tableWrapper\">\n<table class=\"nutritionTable\">\n<thead>\n<tr class=\"tableTitleRow\">\n<th scope=\"col\">Typical Values\n(cooked as per instructions)</th><th scope=\"col\">100g contains\u00a0</th><th scope=\"col\">A serving contains\u00a0</th><th scope=\"col\">% based on RI for Average Adult</th>\n</tr>\n</thead>\n<tr class=\"tableRow1\">\n<th class=\"rowHeader\" rowspan=\"2\" scope=\"row\">Energy</th><td class=\"tableRow1\">1355kJ</td><td class=\"tableRow1\">1219kJ</td><td class=\"tableRow1\">-</td>\n</tr>\n<tr class=\"tableRow0\">\n<td class=\"tableRow0\">321kcal</td><td class=\"\">289kcal</td><td class=\"\">14%</td>\n</tr>\n<tr class=\"tableRow1\">\n<th class=\"rowHeader\" scope=\"row\">Fat</th><td class=\"tableRow1\">6.2g</td><td class=\"nutritionLevel2\">5.6g</td><td class=\"nutritionLevel2\">8%</td>\n</tr>\n<tr class=\"tableRow0\">\n<th class=\"rowHeader\" scope=\"row\">Saturates</th><td class=\"tableRow0\">3.8g</td><td class=\"nutritionLevel2\">3.4g</td><td class=\"nutritionLevel2\">17%</td>\n</tr>\n<tr class=\"tableRow1\">\n<th class=\"rowHeader\" scope=\"row\">Carbohydrate</th><td class=\"tableRow1\">57.4g</td><td class=\"\">51.7g</td><td class=\"\">20%</td>\n</tr>\n<tr class=\"tableRow0\">\n<th class=\"rowHeader\" scope=\"row\">Sugars</th><td class=\"tableRow0\">22.6g</td><td class=\"nutritionLevel3\">20.3g</td><td class=\"nutritionLevel3\">23%</td>\n</tr>\n<tr class=\"tableRow1\">\n<th class=\"rowHeader\" scope=\"row\">Starch</th><td class=\"tableRow1\">34.8g</td><td class=\"\">31.3g</td><td class=\"\">-</td>\n</tr>\n<tr class=\"tableRow0\">\n<th class=\"rowHeader\" scope=\"row\">Fibre</th><td class=\"tableRow0\">1.9g</td><td class=\"\">1.7g</td><td class=\"\">-</td>\n</tr>\n<tr class=\"tableRow1\">\n<th class=\"rowHeader\" scope=\"row\">Protein</th><td class=\"tableRow1\">7.9g</td><td class=\"\">7.1g</td><td class=\"\">14%</td>\n</tr>\n<tr class=\"tableRow0\">\n<th class=\"rowHeader\" scope=\"row\">Salt</th><td class=\"tableRow0\">0.75g</td><td class=\"nutritionLevel2\">0.68g</td><td class=\"nutritionLevel2\">11%</td>\n</tr>\n</table>\n</div>\n<p>This pack contains 4 servings</p>\n</div>\n</div>", "PricePerMeasureMeasure": "ea", "Description": "<div class=\"productText\">\n<p>4 Fruited teacakes</p>\n<p>\n            \u00a0\n            </p>\n<p>\n<p>The ultimate in fruity flavour: these deliciously soft teacakes are packed with plump raisins, sultanas and currants and fresh, tangy lemon and orange zest.\u00a0</p>\n<p></p>\n</p>\n</div>", "img": "/wcsstore7.30.4.18/ExtendedSitesCatalogAssetStore/images/catalog/productImages/12/0000001235012/0000001235012_L.jpeg", "Ingredients": "<div class=\"productText\">\n<p><p><strong>INGREDIENTS:</strong>Fortified British Wheat Flour (<strong>Wheat</strong> Flour, Calcium Carbonate, Iron, Niacin, Thiamin), Water, Sultanas (9%), Raisins (8%), Currants (7%), Butter (Cows' <strong>Milk</strong>) (5%), Invert Sugar, Chilean Flame Raisins (3%), Yeast, Free Range <strong>Egg</strong> (2%), Sugar, <strong>Wheat</strong> Flour, Salt, <strong>Wheat</strong> Gluten, Potato Starch, Orange Zest, Lemon Zest, Cornflour, Flour Treatment Agent:Ascorbic Acid; Cassia Oil,\u00a0Clove Bud Oil, Orange Oil, Lemon Grass Oil, Vanilla Extract, Coriander Seed Oil, Geranium Oil, Apricot Kernel Oil.</p></p>\n</div>", "Preparation and Safety": "<div class=\"productText\">\n<p>\n<strong>Cooking instructions: other</strong>\n</p>\n<p>To grill. Before cooking: Preheat grill to a moderate heat. Remove outer packaging. Sliced product in half horizontally and place on grill. During cooking: Turn once. After cooking: Serve warm. All cooking appliances vary. This is a guide only. Moderate heat. 2-3 mins. </p>\n</div>", "Country of Origin": "<div class=\"productText\">\n<p>Produced in United Kingdom</p>\n</div>", "pricePerUnit": "1.35", "title": "Sainsbury's Large Teacakes, Taste the Difference x4", "Storage": "<div class=\"productText\">\n<p>How to store Best Before: see front of pack Store in a cool dry place. If freezing, freeze on day of purchase and consume within 1 month. </p>\n<p>If freezing, freeze on day of purchase and consume within one month Once thawed, do not refreeze </p>\n<p>Defrost thoroughly and use within 24 hours Do not re-freeze after thawing. </p>\n</div>", "Packaging": "<div class=\"productText\">\n<p>Plastic - PP flow wrap</p>\n</div>", "PricePerMeasure": "0.34", "Dietary Information": "<div class=\"productText\">\n<p>Allergy Advice<br/>For allergens, including cereals containing gluten, see ingredients in <strong>bold</strong><br/>Also, not suitable for customers with an allergy to nuts, sesame or soya due to manufacturing methods</p>\n</div>", "Error": "", "Size": "<div class=\"productText\">\n<p>360gram</p>\n</div>", "pricePerUnitUnit": "unit", "Manufacturer": "<div class=\"productText\">\n<p>We are happy to replace this item if it is not satisfactory</p>\n<p>Sainsbury's Supermarkets Ltd.</p>\n<p>33 Holborn, London EC1N 2HT</p>\n<p>Customer services 0800 636262</p>\n</div>"}, {"Preparation": "<div class=\"itemTypeGroupContainer productText\" style=\"page-break-inside : avoid\">\n<h3 class=\"printOnlyBlock partHead\">Preparation</h3>\n<div class=\"itemTypeGroup\">\n<div class=\"memo\">\n<p>Shake well before serving and use within 5 days of opening.</p>\n</div>\n</div>\n</div>", "Nutrition": "<div class=\"itemTypeGroupContainer productText\" style=\"page-break-inside : avoid\">\n<div class=\"itemTypeGroup\">\n<div class=\"textualNutrition\">\n<h3>Nutrition</h3>\n<div class=\"nutritionalContentSummary\">\n<ul class=\"lozengeBlock\">\n<li class=\"lozenge energy energy\">\n<div class=\"lozengeHeaderSection\">\n<h3 class=\"lozengeTitle\">ENERGY</h3>\n<p>302 kJ</p>\n<p>71kcal</p>\n</div>\n<div class=\"percentage\">\n<p>4%</p>\n</div>\n<p class=\"access\">energy</p>\n</li>\n<li class=\"lozenge low fat\">\n<div class=\"lozengeHeaderSection\">\n<h3 class=\"lozengeTitle\">FAT</h3>\n<p>0g</p>\n</div>\n<div class=\"percentage\">\n<p>0%</p>\n</div>\n<p class=\"access\">Low</p>\n</li>\n<li class=\"lozenge low saturates\">\n<div class=\"lozengeHeaderSection\">\n<h3 class=\"lozengeTitle\">SATURATES</h3>\n<p>0g</p>\n</div>\n<div class=\"percentage\">\n<p>0%</p>\n</div>\n<p class=\"access\">Low</p>\n</li>\n<li class=\"lozenge medium sugars\">\n<div class=\"lozengeHeaderSection\">\n<h3 class=\"lozengeTitle\">SUGARS</h3>\n<p>15g</p>\n</div>\n<div class=\"percentage\">\n<p>17%</p>\n</div>\n<p class=\"access\">Medium</p>\n</li>\n<li class=\"lozenge low salt\">\n<div class=\"lozengeHeaderSection\">\n<h3 class=\"lozengeTitle\">SALT</h3>\n<p>0g</p>\n</div>\n<div class=\"percentage\">\n<p>0%</p>\n</div>\n<p class=\"access\">Low</p>\n</li>\n</ul>\n<div class=\"lozengeFooter\">\n<p>Energy per 100ml: 201kJ / 47kcal</p>\n<p>Sugars - \u2020Naturally found in juice</p>\n<p>Reference intake of an average adult (8400kJ/2000kcal)</p>\n</div>\n</div>\n<p>\n<strong>Table of Nutritional Information</strong>\n</p>\n<div class=\"tableWrapper\" xmlns:asp=\"remove\">\n<table class=\"nutritionTable\">\n<thead>\n<tr>\n<th scope=\"col\"></th><th scope=\"col\">100ml</th><th scope=\"col\">150ml1 (%*)</th>\n</tr>\n</thead>\n<tbody>\n<tr>\n<th class=\"rowHeader\" rowspan=\"2\" scope=\"row\">Energy </th><td>201 kJ</td><td>302 kJ</td>\n</tr>\n<tr>\n<td>47 kcal</td><td>71 kcal (4%)</td>\n</tr>\n<tr>\n<th class=\"rowHeader\" scope=\"row\">Fat </th><td>0g</td><td>0g (0%)</td>\n</tr>\n<tr>\n<th scope=\"row\"> of which saturates </th><td>0g</td><td>0g (0%)</td>\n</tr>\n<tr>\n<th class=\"rowHeader\" scope=\"row\">Carbohydrate </th><td>10.0g</td><td>15.0g</td>\n</tr>\n<tr>\n<th scope=\"row\"> of which sugars2 </th><td>10.0g</td><td>15.0g (17%)</td>\n</tr>\n<tr>\n<th class=\"rowHeader\" scope=\"row\">Fibre </th><td>0.8g</td><td>1.2g</td>\n</tr>\n<tr>\n<th class=\"rowHeader\" scope=\"row\">Protein </th><td>0.8g</td><td>1.2g</td>\n</tr>\n<tr>\n<th class=\"rowHeader\" scope=\"row\">Salt </th><td>0g</td><td>0g (0%)</td>\n</tr>\n<tr>\n<th colspan=\"3\" scope=\"row\">1Average serving. This pack contains 5-6 servings</th>\n</tr>\n<tr>\n<th colspan=\"3\" scope=\"row\">2Contains naturally occurring sugars from juice</th>\n</tr>\n<tr>\n<th colspan=\"3\" scope=\"row\">*Reference Intake of an average adult (8400kJ/2000kcal)</th>\n</tr>\n</tbody>\n</table>\n</div>\n<div class=\"nameTextLookups\"></div>\n<p>\n<strong>Table of Vitamins and Minerals Information</strong>\n</p>\n<div class=\"tableWrapper\" xmlns:asp=\"remove\">\n<table class=\"nutritionTable\">\n<thead>\n<tr>\n<th scope=\"col\"></th><th scope=\"col\">100ml</th><th scope=\"col\">150ml1 (%*)</th>\n</tr>\n</thead>\n<tbody>\n<tr>\n<th class=\"rowHeader\" scope=\"row\">Vitamin C </th><td>18mg (22%*)</td><td>26mg (33%)</td>\n</tr>\n<tr>\n<th class=\"rowHeader\" scope=\"row\">Vitamin B9 (Folate)</th><td>15\u00b5g (8%*)</td><td>23\u00b5g (11%)</td>\n</tr>\n</tbody>\n</table>\n</div>\n</div>\n</div>\n</div>", "PricePerMeasureMeasure": "100ml", "Description": "<div class=\"itemTypeGroupContainer productText\" style=\"page-break-inside : avoid\">\n<h3>Description</h3>\n<div class=\"memo\">\n<p>Orange &amp; Mango Juice</p>\n</div>\n<div class=\"longTextItems\">\n<p>100% pure squeezed fruit</p>\n<p>Not from concentrate</p>\n</div>\n<div class=\"itemTypeGroup\">\n<div class=\"memo\">\n<p>A Little Glass of Tropicana a day gives you...<br>Vitamin C contains 33% of the recommended daily Vitamin C, which can help reduce tiredness.<br>1 of 5 a Day one glass counts as 1 of your 5 a day.<br>Vitamin B9 to help support the normal function of your immune system.<br>...all in just 150ml of juice<br>\n<br>1 of your 5 a day<br>150ml of Tropicana Pure Premium provides one of your daily portions of fruit and vegetables.<br>\n<br>150ml of Tropicana...<br>... may not look like much but it packs a big punch. That's because each little glass contains 33% of the recommended daily Vitamin C, which can help reduce tiredness.</br></br></br></br></br></br></br></br></br></br></p>\n</div>\n<div class=\"memo\">\n<p>Enjoy Tropicana as part of a varied and balanced diet and healthy lifestyle.<br>\n<br>Find out more at tropicana.co.uk</br></br></p>\n</div>\n<p class=\"statements\">\n<p>FSC</p>\n</p>\n<div class=\"memo\">\n<p>Tropicana Pure Premium and the Tropicana logo are registered trade marks of Tropicana Products Inc.\u00a9 2016.</p>\n</div>\n</div>\n</div>", "img": "/wcsstore7.30.4.18/ExtendedSitesCatalogAssetStore/images/catalog/productImages/01/5022313312101/5022313312101_L.jpeg", "Ingredients": "<div class=\"itemTypeGroupContainer productText\" style=\"page-break-inside : avoid\">\n<div class=\"itemTypeGroup\">\n<div class=\"longTextItems\">\n<h3 class=\"itemHeader\">Ingredients</h3>\n<ul class=\"productIngredients\">\n<li>Orange Juice (80%), </li>\n<li>Mango Puree (20%)</li>\n</ul>\n</div>\n</div>\n</div>", "Storage": "<div class=\"itemTypeGroupContainer productText\" style=\"page-break-inside : avoid\">\n<h3 class=\"printOnlyBlock partHead\">Storage</h3>\n<div class=\"itemTypeGroup\">\n<div class=\"memo\">\n<p>Always store in your refrigerator.<br>For best before date please see top of carton.</br></p>\n</div>\n<p class=\"statements\">\n<p>Keep Refrigerated</p>\n</p>\n</div>\n</div>", "pricePerUnit": "1.75", "title": "Tropicana Orange & Mango Juice 850ml", "pricePerUnitUnit": "unit", "Packaging": "<div class=\"itemTypeGroupContainer productText\" style=\"page-break-inside : avoid\">\n<h3 class=\"printOnlyBlock partHead\">Packaging</h3>\n<div class=\"itemTypeGroup\">\n<div class=\"nameLookups\">\n<p>Carton</p>\n</div>\n</div>\n</div>", "PricePerMeasure": "0.21", "Error": "", "Manufacturer": "<div class=\"itemTypeGroupContainer productText\" style=\"page-break-inside : avoid\">\n<h3 class=\"printOnlyBlock partHead\">Manufacturer</h3>\n<div class=\"itemTypeGroup\">\n<div class=\"memo\">\n<p>Tropicana,<br>PO Box 6642,<br>Leicester,<br>LE4 8WZ.</br></br></br></p>\n</div>\n</div>\n</div>"}, {"Preparation": "<div class=\"itemTypeGroupContainer productText\" style=\"page-break-inside : avoid\">\n<h3 class=\"printOnlyBlock partHead\">Preparation</h3>\n<div class=\"itemTypeGroup\">\n<div class=\"longTextItems\">\n<p>No added preservatives</p>\n</div>\n</div>\n</div>", "Nutrition": "<div class=\"itemTypeGroupContainer productText\" style=\"page-break-inside : avoid\">\n<div class=\"itemTypeGroup\">\n<div class=\"textualNutrition\">\n<h3>Nutrition</h3>\n<p>\n<strong>Table of Nutritional Information</strong>\n</p>\n<div class=\"tableWrapper\" xmlns:asp=\"remove\">\n<table class=\"nutritionTable\">\n<thead>\n<tr>\n<th scope=\"col\"></th><th scope=\"col\">Per: 100g</th><th scope=\"col\">85g</th>\n</tr>\n</thead>\n<tbody>\n<tr>\n<th class=\"rowHeader\" scope=\"row\">Energy:</th><td>370kJ/<br>88kcal</br></td><td>315kJ/<br>75kcal</br></td>\n</tr>\n<tr>\n<th class=\"rowHeader\" scope=\"row\">Fat:</th><td>2.4g</td><td>2.0g</td>\n</tr>\n<tr>\n<th class=\"rowHeader\" scope=\"row\">Of which Saturates:</th><td>1.6g</td><td>1.4g</td>\n</tr>\n<tr>\n<th class=\"rowHeader\" scope=\"row\">Carbohydrate:</th><td>10.4g</td><td>8.8g</td>\n</tr>\n<tr>\n<th class=\"rowHeader\" scope=\"row\">Of which Sugars:</th><td>9.9g</td><td>8.4g</td>\n</tr>\n<tr>\n<th class=\"rowHeader\" scope=\"row\">Fibre:</th><td>&lt;0.1g</td><td>&lt;0.1g</td>\n</tr>\n<tr>\n<th class=\"rowHeader\" scope=\"row\">Protein:</th><td>5.3g</td><td>4.5g</td>\n</tr>\n<tr>\n<th class=\"rowHeader\" scope=\"row\">Salt:</th><td>0.12g</td><td>0.10g</td>\n</tr>\n</tbody>\n</table>\n</div>\n<div class=\"nameTextLookups\"></div>\n<p>\n<strong>Table of Vitamins and Minerals Information</strong>\n</p>\n<div class=\"tableWrapper\" xmlns:asp=\"remove\">\n<table class=\"nutritionTable\">\n<thead>\n<tr>\n<th scope=\"col\"></th><th scope=\"col\">Per: 100g</th><th scope=\"col\">85g</th>\n</tr>\n</thead>\n<tbody>\n<tr>\n<th class=\"rowHeader\" scope=\"row\">Calcium: (19% NRV*)</th><td>150mg</td><td>128mg</td>\n</tr>\n<tr>\n<th class=\"rowHeader\" scope=\"row\">Vitamin D: (58% NRV*)</th><td>2.9\u00b5g</td><td>2.5\u00b5g</td>\n</tr>\n<tr>\n<th colspan=\"3\" scope=\"row\">*Nutrient Reference Values</th>\n</tr>\n</tbody>\n</table>\n</div>\n</div>\n</div>\n</div>", "PricePerMeasureMeasure": "100g", "Description": "<div class=\"itemTypeGroupContainer productText\" style=\"page-break-inside : avoid\">\n<h3>Description</h3>\n<div class=\"memo\">\n<p>Raspberry &amp; Strawberry Fromage Frais</p>\n</div>\n<div class=\"longTextItems\">\n<p>100% naturally sourced ingredients</p>\n<p>Vitamin D &amp; calcium for strong bones</p>\n<p>No fruit bits</p>\n<p>Gluten free</p>\n<p>No added preservatives</p>\n<p>No artificial colours, flavours or sweeteners</p>\n<p>Suitable for vegetarians</p>\n</div>\n<div class=\"itemTypeGroup\">\n<div class=\"memo\">\n<p>For Strong Bones<br>Did you know that Vitamin D helps the body absorb Calcium?<br>Everyone knows the importance of Calcium for the growth of strong bones, but did you know that Vitamin D is also essential?<br>Vitamin D helps the body's absorption of Calcium to make bones strong.</br></br></br></p>\n</div>\n<div class=\"memo\">\n<p>Petits Filous 1 x 85g = 50% vitamin D NRV*<br>(*Nutrient Reference Values)<br>\n<br>European Union regulation 983/2009 of October 21st 2009 authorises the following health claim:<br>Calcium and Vitamin D are needed for normal growth and development of bone in children<br>\n<br>A varied and balanced diet is important as part of a healthy lifestyle.</br></br></br></br></br></br></p>\n</div>\n</div>\n</div>", "img": "/wcsstore7.30.4.18/ExtendedSitesCatalogAssetStore/images/catalog/productImages/84/3329770051584/3329770051584_L.jpeg", "Ingredients": "<div class=\"itemTypeGroupContainer productText\" style=\"page-break-inside : avoid\">\n<div class=\"itemTypeGroup\">\n<div class=\"longTextItems\">\n<h3 class=\"itemHeader\">Ingredients</h3>\n<ul class=\"productIngredients\">\n<li>Raspberry: Fromage Frais (Pasteurised Skimmed <span style=\"font-weight: bold;\">Milk</span>, <span style=\"font-weight: bold;\">Cream</span>, Lactic Cultures), Sugar 5.7%, Water, Raspberry Pur\u00e9e from Concentrate 5%, Carrot Juice, Fructose 1.5%, Corn Flour, Lemon Juice, <span style=\"font-weight: bold;\">Milk</span> Mineral Concentrate, Natural Flavouring, Vitamin D, </li>\n<li>Strawberry: Fromage Frais (Pasteurised Skimmed <span style=\"font-weight: bold;\">Milk</span>, <span style=\"font-weight: bold;\">Cream</span>, Lactic Cultures), Sugar 5.7%, Water, Strawberry Pur\u00e9e from Concentrate 5%, Carrot Juice, Fructose 1.5%, Corn Flour, Lemon Juice, Natural Flavouring, <span style=\"font-weight: bold;\">Milk</span> Mineral Concentrate, Vitamin D</li>\n</ul>\n</div>\n</div>\n</div>", "Storage": "<div class=\"itemTypeGroupContainer productText\" style=\"page-break-inside : avoid\">\n<h3 class=\"printOnlyBlock partHead\">Storage</h3>\n<div class=\"itemTypeGroup\">\n<div class=\"memo\">\n<p>Keep refrigerated 2-5\u00b0C</p>\n</div>\n<p class=\"statements\">\n<p>Keep Refrigerated</p>\n</p>\n</div>\n</div>", "pricePerUnit": "1.00", "title": "Petits Filous Raspberry & Strawberry Fromage Frais 4x85g", "pricePerUnitUnit": "unit", "Packaging": "<div class=\"itemTypeGroupContainer productText\" style=\"page-break-inside : avoid\">\n<h3 class=\"printOnlyBlock partHead\">Packaging</h3>\n<div class=\"itemTypeGroup\">\n<div class=\"nameLookups\">\n<p>Tub</p>\n</div>\n</div>\n</div>", "PricePerMeasure": "0.29", "Dietary Information": "<div class=\"itemTypeGroupContainer productText\" style=\"page-break-inside : avoid\">\n<h3>Dietary Information</h3>\n<div class=\"itemTypeGroup\">\n<p class=\"statements\">\n<p>Suitable for Vegetarians</p>\n</p>\n<div class=\"memo\">\n<p>For allergens: see ingredients in <span style=\"font-weight: bold;\">bold</span></p>\n</div>\n<div class=\"nameLookups\">\n<p>Free From Gluten</p>\n<p>Contains Milk</p>\n</div>\n<div class=\"nameLookups\">\n<p>Free From Artificial Colours</p>\n<p>Free From Artificial Flavours</p>\n<p>Free From Artificial Sweeteners</p>\n</div>\n</div>\n</div>", "Error": "", "Manufacturer": "<div class=\"itemTypeGroupContainer productText\" style=\"page-break-inside : avoid\">\n<h3 class=\"printOnlyBlock partHead\">Manufacturer</h3>\n<div class=\"itemTypeGroup\">\n<div class=\"memo\">\n<p>Yoplait UK Ltd,<br>PO Box 1128,<br>Uxbridge,<br>UB8 9XU.<br>\n<br>Yoplait Ireland Ltd.,<br>Unit 16A,<br>Fonthill Industrial Park,<br>Clondalkin,<br>Dublin 22,<br>Ireland.</br></br></br></br></br></br></br></br></br></br></p>\n</div>\n</div>\n</div>"}, {"Preparation": "<div class=\"itemTypeGroupContainer productText\" style=\"page-break-inside : avoid\">\n<h3 class=\"printOnlyBlock partHead\">Preparation</h3>\n<div class=\"itemTypeGroup\">\n<div class=\"memo\">\n<p>Shake well for best taste.</p>\n</div>\n</div>\n</div>", "Nutrition": "<div class=\"itemTypeGroupContainer productText\" style=\"page-break-inside : avoid\">\n<div class=\"itemTypeGroup\">\n<div class=\"textualNutrition\">\n<h3>Nutrition</h3>\n<p>\n<strong>Table of Nutritional Information</strong>\n</p>\n<div class=\"tableWrapper\" xmlns:asp=\"remove\">\n<table class=\"nutritionTable\">\n<thead>\n<tr>\n<th scope=\"col\"></th><th scope=\"col\">Per 100ml</th>\n</tr>\n</thead>\n<tbody>\n<tr>\n<th class=\"rowHeader\" scope=\"row\">Energy </th><td>73kJ/<br>17kcal</br></td>\n</tr>\n<tr>\n<th class=\"rowHeader\" scope=\"row\">Fat </th><td>1.3g</td>\n</tr>\n<tr>\n<th scope=\"row\"> of which Saturates </th><td>0.1g</td>\n</tr>\n<tr>\n<th class=\"rowHeader\" scope=\"row\">Carbohydrates</th><td>0.8g</td>\n</tr>\n<tr>\n<th scope=\"row\"> of which sugars </th><td>0.1g</td>\n</tr>\n<tr>\n<th class=\"rowHeader\" scope=\"row\">Fibre </th><td>0.3g</td>\n</tr>\n<tr>\n<th class=\"rowHeader\" scope=\"row\">Protein </th><td>0.5g</td>\n</tr>\n<tr>\n<th class=\"rowHeader\" scope=\"row\">Salt </th><td>0.18g</td>\n</tr>\n<tr>\n<th colspan=\"2\" scope=\"row\">RI means Reference Intake</th>\n</tr>\n</tbody>\n</table>\n</div>\n<div class=\"nameTextLookups\"></div>\n<p>\n<strong>Table of Vitamins and Minerals Information</strong>\n</p>\n<div class=\"tableWrapper\" xmlns:asp=\"remove\">\n<table class=\"nutritionTable\">\n<thead>\n<tr>\n<th scope=\"col\"></th><th scope=\"col\">Per 100ml</th>\n</tr>\n</thead>\n<tbody>\n<tr>\n<th class=\"rowHeader\" scope=\"row\">Calcium </th><td>190mg 24%RI</td>\n</tr>\n</tbody>\n</table>\n</div>\n</div>\n</div>\n</div>", "PricePerMeasureMeasure": "ltr", "Description": "<div class=\"itemTypeGroupContainer productText\" style=\"page-break-inside : avoid\">\n<h3>Description</h3>\n<div class=\"memo\">\n<p>Unsweetened Vanilla Almond Drink with Added Calcium.</p>\n</div>\n<div class=\"longTextItems\">\n<p>Gluten, soy, dairy and lactose free</p>\n<p>Pssst! Carrageenan free</p>\n<p>No added sugar</p>\n<p>Made with whole blanched almonds</p>\n<p>50% more calcium than milk</p>\n<p>From almonds with love</p>\n<p>Smooth &amp; delicious</p>\n<p>Low saturated fats</p>\n<p>BPA free</p>\n<p>Non-GMO</p>\n<p>100% vegan</p>\n<p>Kosher</p>\n</div>\n<div class=\"itemTypeGroup\">\n<div class=\"memo\">\n<p>There are a lot of sweet things in the world: surprise parties, puppies, butterfly kisses.<br>We let them do the heavy lifting when it comes to sweetness and keep it real on the sugarless side of life.</br></p>\n</div>\n<div class=\"memo\">\n<p>Drink Remarkably</p>\n</div>\n</div>\n</div>", "img": "/wcsstore7.30.4.18/ExtendedSitesCatalogAssetStore/images/catalog/productImages/37/0813636020737/0813636020737_L.jpeg", "Ingredients": "<div class=\"itemTypeGroupContainer productText\" style=\"page-break-inside : avoid\">\n<div class=\"itemTypeGroup\">\n<div class=\"longTextItems\">\n<h3 class=\"itemHeader\">Ingredients</h3>\n<ul class=\"productIngredients\">\n<li>Water, </li>\n<li><span style=\"font-weight: bold;\">Almonds</span> (<span style=\"font-weight: bold;\">Nuts</span>) (2.3%), </li>\n<li>Flavourings, </li>\n<li>Calcium Carbonate, </li>\n<li>Emulsifier (Sunflower Lecithin), </li>\n<li>Sea Salt, </li>\n<li>Acidity Regulator (Potassium Citrate), </li>\n<li>Stabilisers (Locust Bean Gum, Gellan Gum)</li>\n</ul>\n</div>\n</div>\n</div>", "Country of Origin": "<div class=\"itemTypeGroupContainer productText\" style=\"page-break-inside : avoid\">\n<h3 class=\"printOnlyBlock partHead\">Country of Origin</h3>\n<div class=\"itemTypeGroup\">\n<div class=\"nameLookups\">\n<p>Country of origin: United States</p>\n</div>\n<div class=\"nameTextItems\">\n<p>Product of USA</p>\n</div>\n</div>\n</div>", "pricePerUnit": "2.00", "title": "Califia Farms Almond Vanilla Milk Alternative, Unsweetened 750ml", "Storage": "<div class=\"itemTypeGroupContainer productText\" style=\"page-break-inside : avoid\">\n<h3 class=\"printOnlyBlock partHead\">Storage</h3>\n<div class=\"itemTypeGroup\">\n<div class=\"memo\">\n<p>Keep refrigerated. Do not freeze. Consume within 7 days after opening.</p>\n</div>\n<p class=\"statements\">\n<p>Do Not Freeze</p>\n<p>Keep Refrigerated</p>\n</p>\n</div>\n</div>", "Packaging": "<div class=\"itemTypeGroupContainer productText\" style=\"page-break-inside : avoid\">\n<h3 class=\"printOnlyBlock partHead\">Packaging</h3>\n<div class=\"itemTypeGroup\">\n<div class=\"nameLookups\">\n<p>Pack</p>\n</div>\n</div>\n</div>", "PricePerMeasure": "2.67", "Dietary Information": "<div class=\"itemTypeGroupContainer productText\" style=\"page-break-inside : avoid\">\n<h3>Dietary Information</h3>\n<div class=\"itemTypeGroup\">\n<p class=\"statements\">\n<p>Kosher</p>\n<p>No Added Sugar</p>\n<p>Suitable for Vegans</p>\n</p>\n<div class=\"memo\">\n<p>For allergens see ingredients in <span style=\"font-weight: bold;\">bold</span></p>\n</div>\n<div class=\"nameLookups\">\n<p>Contains Almonds</p>\n<p>Free From Dairy</p>\n<p>Free From Gluten</p>\n<p>Free From Lactose</p>\n<p>Contains Nuts</p>\n<p>Free From Soya</p>\n</div>\n<div class=\"nameLookups\">\n<p>Free From Genetically Modified Ingredients</p>\n</div>\n</div>\n</div>", "Error": "", "pricePerUnitUnit": "unit", "Manufacturer": "<div class=\"itemTypeGroupContainer productText\" style=\"page-break-inside : avoid\">\n<h3 class=\"printOnlyBlock partHead\">Manufacturer</h3>\n<div class=\"itemTypeGroup\">\n<div class=\"memo\">\n<p>Califia Farms,<br>1 Primrose Street,<br>London,<br>EC2A 2EX,<br>UK.</br></br></br></br></p>\n</div>\n</div>\n</div>"}, {"Preparation": "<div class=\"itemTypeGroupContainer productText\" style=\"page-break-inside : avoid\">\n<h3 class=\"printOnlyBlock partHead\">Preparation</h3>\n<div class=\"itemTypeGroup\">\n<div class=\"memo\">\n<p>Serve chilled.</p>\n</div>\n<div class=\"nameTextItems\">\n<p>Serving suggestion: Kopparberg Strawberry &amp; Lime Cider should be served over plenty of ice and garnished with fresh basil (if available) and half a fresh strawberry.</p>\n</div>\n</div>\n</div>", "PricePerMeasureMeasure": "ltr", "Description": "<div class=\"itemTypeGroupContainer productText\" style=\"page-break-inside : avoid\">\n<h3>Description</h3>\n<div class=\"memo\">\n<p>Premium Cider with Strawberry &amp; Lime</p>\n</div>\n<div class=\"itemTypeGroup\">\n<div class=\"memo\">\n<p>Combining fresh strawberry flavour with the subtle taste of lime, Kopparberg Strawberry &amp; Lime Cider packs in maximum fruit refreshment and a revitalising taste - the perfect drink for a summer barbeque.</p>\n</div>\n<div class=\"memo\">\n<p>Built back in 1882, the Kopparberg Bryggeri remains independent and is home to our uniquely refreshing fruit cider &amp; fruit lager. A pioneer, Kopparberg was the first fruit cider in the UK and is today the bestselling fruit cider brand in the UK. Every drop of Kopparberg is imported and made from the fermentation of apples or pears and the finest soft water, locally sourced in the town of Kopparberg, Sweden.</p>\n</div>\n</div>\n</div>", "img": "/wcsstore7.30.4.18/ExtendedSitesCatalogAssetStore/images/catalog/productImages/40/7393714505040/7393714505040_L.jpeg", "title": "Kopparberg Strawberry & Lime Cider 4x330ml", "Country of Origin": "<div class=\"itemTypeGroupContainer productText\" style=\"page-break-inside : avoid\">\n<h3 class=\"printOnlyBlock partHead\">Country of Origin</h3>\n<div class=\"itemTypeGroup\">\n<div class=\"nameLookups\">\n<p>Country of origin: Sweden</p>\n</div>\n<div class=\"nameTextItems\">\n<p>Product of Sweden</p>\n</div>\n</div>\n</div>", "pricePerUnit": "5.50", "Storage": "<div class=\"itemTypeGroupContainer productText\" style=\"page-break-inside : avoid\">\n<h3 class=\"printOnlyBlock partHead\">Storage</h3>\n<div class=\"itemTypeGroup\">\n<div class=\"memo\">\n<p>Best Before, See Date</p>\n</div>\n</div>\n</div>", "Packaging": "<div class=\"itemTypeGroupContainer productText\" style=\"page-break-inside : avoid\">\n<h3 class=\"printOnlyBlock partHead\">Packaging</h3>\n<div class=\"itemTypeGroup\">\n<div class=\"nameLookups\">\n<p>Sleeve</p>\n</div>\n</div>\n</div>", "PricePerMeasure": "4.17", "Dietary Information": "<div class=\"itemTypeGroupContainer productText\" style=\"page-break-inside : avoid\">\n<h3>Dietary Information</h3>\n<div class=\"itemTypeGroup\">\n<div class=\"memo\">\n<p></p>\n</div>\n<div class=\"nameLookups\">\n<p>Contains Sulphur Dioxide/Sulphites</p>\n</div>\n</div>\n</div>", "Error": "", "Manufacturer": "<div class=\"itemTypeGroupContainer productText\" style=\"page-break-inside : avoid\">\n<h3 class=\"printOnlyBlock partHead\">Manufacturer</h3>\n<div class=\"itemTypeGroup\">\n<div class=\"memo\">\n<p>Made &amp; bottled by:<br>Kopparberg's Brewery,<br>714 82 Kopparberg,<br>Sweden.</br></br></br></p>\n</div>\n</div>\n</div>", "pricePerUnitUnit": "unit", "Alcohol": "<div class=\"itemTypeGroupContainer productText\" style=\"page-break-inside : avoid\">\n<h3>Alcohol</h3>\n<div class=\"nameTextItems\">\n<p>Alcohol by volume: 4%</p>\n<p>Alcoholic content: 1.3 units</p>\n<p>Serving suggestion: An intense fruity cider made with the juices of strawberries &amp; lime.</p>\n</div>\n</div>"}, {"PricePerMeasureMeasure": "ltr", "Alcohol": "<div class=\"itemTypeGroupContainer productText\" style=\"page-break-inside : avoid\">\n<h3>Alcohol</h3>\n<div class=\"nameTextItems\">\n<p>Alcohol by volume: 4.5%</p>\n<p>Alcoholic content: 2.3 units</p>\n<p>Serving suggestion: Old Rascal's full bodied character comes from our choice of bittersweet apples including Redstreak, Dabinett &amp; Tremlett's, creating this medium dry cider's distinctive flavour</p>\n</div>\n</div>", "img": "/wcsstore7.30.4.18/ExtendedSitesCatalogAssetStore/images/catalog/productImages/23/5020628002823/5020628002823_L.jpeg", "title": "Thatchers Old Rascal Cider 500ml", "pricePerUnit": "1.90", "pricePerUnitUnit": "unit", "Packaging": "<div class=\"itemTypeGroupContainer productText\" style=\"page-break-inside : avoid\">\n<h3 class=\"printOnlyBlock partHead\">Packaging</h3>\n<div class=\"itemTypeGroup\">\n<div class=\"nameLookups\">\n<p>Bottle</p>\n</div>\n</div>\n</div>", "PricePerMeasure": "3.80", "Dietary Information": "<div class=\"itemTypeGroupContainer productText\" style=\"page-break-inside : avoid\">\n<h3>Dietary Information</h3>\n<div class=\"itemTypeGroup\">\n<div class=\"memo\">\n<p></p>\n</div>\n<div class=\"nameLookups\">\n<p>Contains Sulphur Dioxide/Sulphites</p>\n</div>\n</div>\n</div>", "Error": "", "Manufacturer": "<div class=\"itemTypeGroupContainer productText\" style=\"page-break-inside : avoid\">\n<h3 class=\"printOnlyBlock partHead\">Manufacturer</h3>\n<div class=\"itemTypeGroup\">\n<div class=\"memo\">\n<p>Thatchers Cider Co Ltd,<br>Somerset,<br>BS25 5RA.</br></br></p>\n</div>\n</div>\n</div>", "Description": "<div class=\"itemTypeGroupContainer productText\" style=\"page-break-inside : avoid\">\n<h3>Description</h3>\n<div class=\"memo\">\n<p>Medium Dry Somerset Cider</p>\n</div>\n<div class=\"longTextItems\">\n<p>Family cider makers</p>\n<p>Beware the rascal</p>\n</div>\n<div class=\"itemTypeGroup\">\n<div class=\"memo\">\n<p>Old Rascal's full bodied character comes from our choice of bittersweet apples including Redstreak, Dabinett &amp; Tremlett's, creating this medium dry cider's distinctive flavour.</p>\n</div>\n</div>\n</div>"}, {"PricePerMeasureMeasure": "ltr", "Size": "<div class=\"productText\">\n<p>330ml</p>\n</div>", "Alcohol": "<div class=\"productText\">\n<p>\n<span class=\"alcoholSubHeading\">Units of Alcohol:\u00a0 </span><span class=\"alcoholDetail\">1.8 units</span>\n</p>\n<p>\n<span class=\"alcoholSubHeading\">Alcohol by volume:\u00a0 </span><span class=\"alcoholDetail\">5.4 %</span>\n</p>\n<p>\n<span class=\"alcoholSubHeading\">Statutory description:\u00a0 </span><span class=\"alcoholDetail\">Cyder with Elderflower extract</span>\n</p>\n</div>", "img": "/wcsstore7.30.4.18/ExtendedSitesCatalogAssetStore/images/catalog/productImages/38/0000001798838/0000001798838_L.jpeg", "title": "Sainsbury's Elderflower Cyder, Taste the Difference 330ml", "Country of Origin": "<div class=\"productText\"><p>Produced in United Kingdom</p></div>", "pricePerUnit": "1.90", "pricePerUnitUnit": "unit", "Packaging": "<div class=\"productText\">\n<p>Glass bottle</p>\n<p>Steel cap</p>\n<p>Paper front Label</p>\n<p>Paper neck Label</p>\n<p>Paper back Label</p>\n</div>", "PricePerMeasure": "5.76", "Dietary Information": "<div class=\"productText\">\n<p>Contains <strong>sulphites</strong></p>\n</div>", "Error": "", "Manufacturer": "<div class=\"productText\">\n<p>We are happy to replace this item if it is not satisfactory</p>\n<p>Sainsbury's Supermarkets Ltd.</p>\n<p>33 Holborn, London EC1N 2HT</p>\n<p>Customer services 0800 636262</p>\n</div>", "Description": "<div class=\"productText\">\n<p>Cyder with Elderflower extract</p>\n<p>\n<p></p>\n</p>\n</div>"}, {"Nutrition": "<div class=\"itemTypeGroupContainer productText\" style=\"page-break-inside : avoid\">\n<div class=\"itemTypeGroup\">\n<div class=\"textualNutrition\">\n<h3>Nutrition</h3>\n<p>\n<strong>Table of Nutritional Information</strong>\n</p>\n<div class=\"tableWrapper\" xmlns:asp=\"remove\">\n<table class=\"nutritionTable\">\n<thead>\n<tr>\n<th scope=\"col\"></th><th scope=\"col\">100ml Contains</th><th scope=\"col\">Each Can (440ml) Contains</th>\n</tr>\n</thead>\n<tbody>\n<tr>\n<th class=\"rowHeader\" scope=\"row\">Energy </th><td>177kJ/<br>42kcal</br></td><td>779kJ/<br>185kcal</br></td>\n</tr>\n<tr>\n<th colspan=\"3\" scope=\"row\">9%* of your guideline daily amount</th>\n</tr>\n<tr>\n<th colspan=\"3\" scope=\"row\">*Reference intake of an average adult (8400kJ/2000kcal)</th>\n</tr>\n</tbody>\n</table>\n</div>\n<div class=\"nameTextLookups\"></div>\n</div>\n</div>\n</div>", "PricePerMeasureMeasure": "ltr", "Description": "<div class=\"itemTypeGroupContainer productText\" style=\"page-break-inside : avoid\">\n<h3>Description</h3>\n<div class=\"memo\">\n<p>Original Apple Irish Cider</p>\n</div>\n<div class=\"longTextItems\">\n<p>Suitable for coeliacs</p>\n</div>\n<div class=\"itemTypeGroup\"></div>\n</div>", "img": "/wcsstore7.30.4.18/ExtendedSitesCatalogAssetStore/images/catalog/productImages/33/5391516873833/5391516873833_L.jpeg", "title": "Magners Irish Original Cider 18x440ml", "Storage": "<div class=\"itemTypeGroupContainer productText\" style=\"page-break-inside : avoid\">\n<h3 class=\"printOnlyBlock partHead\">Storage</h3>\n<div class=\"itemTypeGroup\">\n<div class=\"memo\">\n<p>Best Before End: See Top of Pack</p>\n</div>\n</div>\n</div>", "pricePerUnit": "10.00", "pricePerUnitUnit": "unit", "Packaging": "<div class=\"itemTypeGroupContainer productText\" style=\"page-break-inside : avoid\">\n<h3 class=\"printOnlyBlock partHead\">Packaging</h3>\n<div class=\"itemTypeGroup\">\n<div class=\"nameLookups\">\n<p>Shrink Wrapped</p>\n</div>\n</div>\n</div>", "PricePerMeasure": "1.26", "Dietary Information": "<div class=\"itemTypeGroupContainer productText\" style=\"page-break-inside : avoid\">\n<h3>Dietary Information</h3>\n<div class=\"itemTypeGroup\">\n<p class=\"statements\">\n<p>Suitable for Coeliacs</p>\n</p>\n<div class=\"memo\">\n<p></p>\n</div>\n<div class=\"nameLookups\">\n<p>Contains Sulphur Dioxide/Sulphites</p>\n</div>\n</div>\n</div>", "Error": "", "Manufacturer": "<div class=\"itemTypeGroupContainer productText\" style=\"page-break-inside : avoid\">\n<h3 class=\"printOnlyBlock partHead\">Manufacturer</h3>\n<div class=\"itemTypeGroup\">\n<div class=\"memo\">\n<p>WM Magner Ltd,<br>Annerville,<br>Clonmel,<br>Co. Tipperary,<br>Ireland.</br></br></br></br></p>\n</div>\n</div>\n</div>", "Alcohol": "<div class=\"itemTypeGroupContainer productText\" style=\"page-break-inside : avoid\">\n<h3>Alcohol</h3>\n<div class=\"nameTextItems\">\n<p>Alcohol by volume: 4.5%</p>\n</div>\n</div>"}, {"PricePerMeasureMeasure": "ltr", "Alcohol": "<div class=\"itemTypeGroupContainer productText\" style=\"page-break-inside : avoid\">\n<h3>Alcohol</h3>\n<div class=\"nameTextItems\">\n<p>Alcohol by volume: 7.4%</p>\n<p>Alcoholic content: 3.7 units</p>\n<p>Serving suggestion: Matured in oak vats, this is a timeless, medium dry cider. Deep in flavour yet light in colour, the richness of Thatchers Vintage is rounded off with a satisfyingly crisp sparkle</p>\n</div>\n</div>", "img": "/wcsstore7.30.4.18/ExtendedSitesCatalogAssetStore/images/catalog/productImages/85/5020628006685/5020628006685_L.jpeg", "title": "Thatchers Vintage Cider 500ml", "pricePerUnit": "1.90", "pricePerUnitUnit": "unit", "Packaging": "<div class=\"itemTypeGroupContainer productText\" style=\"page-break-inside : avoid\">\n<h3 class=\"printOnlyBlock partHead\">Packaging</h3>\n<div class=\"itemTypeGroup\">\n<div class=\"nameLookups\">\n<p>Bottle</p>\n</div>\n</div>\n</div>", "PricePerMeasure": "3.80", "Dietary Information": "<div class=\"itemTypeGroupContainer productText\" style=\"page-break-inside : avoid\">\n<h3>Dietary Information</h3>\n<div class=\"itemTypeGroup\">\n<p class=\"statements\">\n<p>Suitable for Coeliacs</p>\n<p>Suitable for Vegans</p>\n<p>Suitable for Vegetarians</p>\n</p>\n<div class=\"memo\">\n<p></p>\n</div>\n<div class=\"nameLookups\">\n<p>Free From Gluten</p>\n<p>Contains Sulphur Dioxide/Sulphites</p>\n</div>\n</div>\n</div>", "Error": "", "Manufacturer": "<div class=\"itemTypeGroupContainer productText\" style=\"page-break-inside : avoid\">\n<h3 class=\"printOnlyBlock partHead\">Manufacturer</h3>\n<div class=\"itemTypeGroup\">\n<div class=\"memo\">\n<p>Thatchers Cider Co Ltd.,<br>Somerset,<br>BS25 5RA.</br></br></p>\n</div>\n</div>\n</div>", "Description": "<div class=\"itemTypeGroupContainer productText\" style=\"page-break-inside : avoid\">\n<h3>Description</h3>\n<div class=\"memo\">\n<p>Oak Aged Vintage Somerset Cider</p>\n</div>\n<div class=\"longTextItems\">\n<p>Gluten-free</p>\n<p>Suitable for coeliacs, vegetarians and vegans</p>\n</div>\n<div class=\"itemTypeGroup\">\n<div class=\"memo\">\n<p>William Thatcher began making Somerset cider at his family farm in 1904. Today, his craftsmanship has been poured into the unique character of Thatchers Vintage. We've chosen the finest bittersweet apples from our 2017 harvest. Matured in oak vats, this is a timeless, medium dry cider. Deep in flavour yet light in colour, the richness of Thatchers Vintage is rounded off with a satisfyingly crisp sparkle.</p>\n</div>\n<div class=\"memo\">\n<p>William Thatcher<br>1st Generation Cider Maker</br></p>\n</div>\n</div>\n</div>"}, {"Nutrition": "<div class=\"productText\">\n<div>\n<p>\n<strong>Table of Nutritional Information</strong>\n</p>\n<div class=\"tableWrapper\">\n<table class=\"nutritionTable\">\n<thead>\n<tr class=\"tableTitleRow\">\n<th scope=\"col\"></th><th scope=\"col\">Per 100ml\u00a0</th><th scope=\"col\">Per 125 ml glass\u00a0</th><th scope=\"col\">% based on RI for Average Adult</th>\n</tr>\n</thead>\n<tr class=\"tableRow1\">\n<th class=\"rowHeader\" scope=\"row\">Fat</th><td class=\"tableRow1\">&lt;0.5g</td><td class=\"tableRow1\">&lt;0.5g</td><td class=\"tableRow1\">-</td>\n</tr>\n<tr class=\"tableRow0\">\n<th class=\"rowHeader\" scope=\"row\">Saturates</th><td class=\"tableRow0\">&lt;0.1g</td><td class=\"tableRow0\">&lt;0.1g</td><td class=\"tableRow0\">-</td>\n</tr>\n<tr class=\"tableRow1\">\n<th class=\"rowHeader\" scope=\"row\">Fibre</th><td class=\"tableRow1\">&lt;0.5g</td><td class=\"tableRow1\">&lt;0.5g</td><td class=\"tableRow1\">-</td>\n</tr>\n<tr class=\"tableRow0\">\n<th class=\"rowHeader\" scope=\"row\">Salt</th><td class=\"tableRow0\">&lt;0.01g</td><td class=\"tableRow0\">&lt;0.01g</td><td class=\"tableRow0\">-</td>\n</tr>\n</table>\n</div>\n<p>RI= Reference Intakes of an average adult (8400kJ / 2000kcal)</p>\n<p>This pack contains 3 servings</p>\n</div>\n</div>", "PricePerMeasureMeasure": "ltr", "Alcohol": "<div class=\"productText\">\n<p>\n<span class=\"alcoholSubHeading\">Units of Alcohol:\u00a0 </span><span class=\"alcoholDetail\">2.0 units</span>\n</p>\n<p>\n<span class=\"alcoholSubHeading\">Alcohol by volume:\u00a0 </span><span class=\"alcoholDetail\">4 %</span>\n</p>\n<p>\n<span class=\"alcoholSubHeading\">Statutory description:\u00a0 </span><span class=\"alcoholDetail\">Sparkling cider</span>\n</p>\n</div>", "img": "/wcsstore7.30.4.18/ExtendedSitesCatalogAssetStore/images/catalog/productImages/59/0000001738759/0000001738759_L.jpeg", "title": "Sainsbury's French Sparkling Cider, Taste the Difference 50cl", "Country of Origin": "<div class=\"productText\"><p>Produced in France</p></div>", "pricePerUnit": "1.90", "pricePerUnitUnit": "unit", "Packaging": "<div class=\"productText\">\n<p>Glass bottle</p>\n<p>Steel capsule</p>\n</div>", "PricePerMeasure": "3.80", "Dietary Information": "<div class=\"productText\">\n<p>Contains <strong>sulphites</strong></p>\n</div>", "Error": "", "Description": "<div class=\"productText\">\n<p>Sparkling cider</p>\n<p>\n<p></p>\n</p>\n</div>", "Size": "<div class=\"productText\">\n<p>50cl</p>\n</div>", "Manufacturer": "<div class=\"productText\">\n<p>We are happy to replace this item if it is not satisfactory</p>\n<p>Sainsbury's Supermarkets Ltd.</p>\n<p>33 Holborn, London EC1N 2HT</p>\n<p>Customer services 0800 636262</p>\n</div>"}, {"Preparation": "<div class=\"itemTypeGroupContainer productText\" style=\"page-break-inside : avoid\">\n<h3 class=\"printOnlyBlock partHead\">Preparation</h3>\n<div class=\"itemTypeGroup\">\n<div class=\"nameTextItems\">\n<p>Serving suggestion: Kopparberg Pear Cider should be poured over plenty of ice and served with a slice of freshly cut apple. For some added spiced flavour, top the drink with a slice of fresh ginger.</p>\n</div>\n</div>\n</div>", "PricePerMeasureMeasure": "ltr", "Description": "<div class=\"itemTypeGroupContainer productText\" style=\"page-break-inside : avoid\">\n<h3>Description</h3>\n<div class=\"memo\">\n<p>Swedish Pear Cider</p>\n</div>\n<div class=\"itemTypeGroup\">\n<div class=\"memo\">\n<p>The sweetness of fresh pear is served up in a delicious drink - Kopparberg Pear Cider. Delivering bags of fruity flavour, Kopparberg's premium and classic pear cider is a revitalising drink worth enjoying with and without food.</p>\n</div>\n<div class=\"memo\">\n<p>Built back in 1882, the Kopparberg Bryggeri remains independent and is home to our uniquely refreshing fruit cider &amp; fruit lager. A pioneer, Kopparberg was the first fruit cider in the UK and is today the bestselling fruit cider brand in the UK. Every drop of Kopparberg is imported and made from the fermentation of apples or pears and the finest soft water, locally sourced in the town of Kopparberg, Sweden.</p>\n</div>\n</div>\n</div>", "img": "/wcsstore7.30.4.18/ExtendedSitesCatalogAssetStore/images/catalog/productImages/49/7393714170149/7393714170149_L.jpeg", "title": "Kopparberg Pear Cider 4x440ml", "Country of Origin": "<div class=\"itemTypeGroupContainer productText\" style=\"page-break-inside : avoid\">\n<h3 class=\"printOnlyBlock partHead\">Country of Origin</h3>\n<div class=\"itemTypeGroup\">\n<div class=\"nameLookups\">\n<p>Country of origin: Sweden</p>\n</div>\n</div>\n</div>", "pricePerUnit": "4.25", "Storage": "<div class=\"itemTypeGroupContainer productText\" style=\"page-break-inside : avoid\">\n<h3 class=\"printOnlyBlock partHead\">Storage</h3>\n<div class=\"itemTypeGroup\">\n<div class=\"memo\">\n<p>Best Before, See Base of Can</p>\n</div>\n</div>\n</div>", "Packaging": "<div class=\"itemTypeGroupContainer productText\" style=\"page-break-inside : avoid\">\n<h3 class=\"printOnlyBlock partHead\">Packaging</h3>\n<div class=\"itemTypeGroup\">\n<div class=\"nameLookups\">\n<p>Sleeve</p>\n</div>\n</div>\n</div>", "PricePerMeasure": "2.41", "Dietary Information": "<div class=\"itemTypeGroupContainer productText\" style=\"page-break-inside : avoid\">\n<h3>Dietary Information</h3>\n<div class=\"itemTypeGroup\">\n<div class=\"memo\">\n<p></p>\n</div>\n<div class=\"nameLookups\">\n<p>Contains Sulphur Dioxide/Sulphites</p>\n</div>\n</div>\n</div>", "Error": "", "Manufacturer": "<div class=\"itemTypeGroupContainer productText\" style=\"page-break-inside : avoid\">\n<h3 class=\"printOnlyBlock partHead\">Manufacturer</h3>\n<div class=\"itemTypeGroup\">\n<div class=\"memo\">\n<p>Kopparbergs Brewery,<br>714 82 Kopparberg Town,<br>Sweden.</br></br></p>\n</div>\n</div>\n</div>", "pricePerUnitUnit": "unit", "Alcohol": "<div class=\"itemTypeGroupContainer productText\" style=\"page-break-inside : avoid\">\n<h3>Alcohol</h3>\n<div class=\"nameTextItems\">\n<p>Alcohol by volume: 4.5%</p>\n<p>Alcoholic content: 2 units</p>\n<p>Serving suggestion: Light in colour and delivers a refreshingly fruity taste.</p>\n</div>\n</div>"}, {"Nutrition": "<div class=\"productText\">\n<div>\n<p>\n<strong>Table of Nutritional Information</strong>\n</p>\n<div class=\"tableWrapper\">\n<table class=\"nutritionTable\">\n<thead>\n<tr class=\"tableTitleRow\">\n<th scope=\"col\">Typical Values</th><th scope=\"col\">Per 100ml\u00a0</th><th scope=\"col\">A serving contains\u00a0</th><th scope=\"col\">% based on RI for Average Adult</th>\n</tr>\n</thead>\n<tr class=\"tableRow1\">\n<th class=\"rowHeader\" rowspan=\"2\" scope=\"row\">Energy</th><td class=\"tableRow1\">287kJ</td><td class=\"tableRow1\">359kJ</td><td class=\"tableRow1\">-</td>\n</tr>\n<tr class=\"tableRow0\">\n<td class=\"tableRow0\">69kcal</td><td class=\"\">86kcal</td><td class=\"\">4%</td>\n</tr>\n</table>\n</div>\n<p>RI= Reference intake of an average adult (8400 kJ / 2000 kcal)</p>\n<p>This pack contains 6 servings</p>\n</div>\n</div>", "PricePerMeasureMeasure": "75cl", "Alcohol": "<div class=\"productText\">\n<p>\n<span class=\"alcoholSubHeading\">Region of origin:\u00a0 </span><span class=\"alcoholDetail\">Spain</span>\n</p>\n<p>\n<span class=\"alcoholSubHeading\">Units of Alcohol:\u00a0 </span><span class=\"alcoholDetail\">1.4 Units of Alcohol per 125 ml Glass\n8.6 Units of Alcohol per 75 cl Bottle units</span>\n</p>\n<p>\n<span class=\"alcoholSubHeading\">Alcohol by volume:\u00a0 </span><span class=\"alcoholDetail\">11.5 %</span>\n</p>\n<p>\n<span class=\"alcoholSubHeading\">Statutory description:\u00a0 </span><span class=\"alcoholDetail\">Cava Brut</span>\n</p>\n</div>", "img": "/wcsstore7.30.4.18/ExtendedSitesCatalogAssetStore/images/catalog/productImages/23/0000000127523/0000000127523_L.jpeg", "title": "Sainsbury's Cava Brut 75cl", "Country of Origin": "<div class=\"productText\">\n<p>Produced in  Spain</p>\n</div>", "pricePerUnit": "5.75", "pricePerUnitUnit": "unit", "Packaging": "<div class=\"productText\">\n<p>Glass bottle</p>\n<p>Glass bottle</p>\n<p>Cork \u2013 Technical closure</p>\n<p>Steel closure</p>\n<p>Steel closure</p>\n<p>Steel closure</p>\n<p>Aluminium capsule</p>\n<p>Aluminium capsule</p>\n<p>Paper laminate fRONT LABEL</p>\n<p>Paper laminate nECK LABEL</p>\n<p>Paper laminate bACK LABEL</p>\n</div>", "PricePerMeasure": "5.75", "Dietary Information": "<div class=\"productText\">\n<p>Contains:<strong> sulphites</strong>.<strong></strong></p>\n<p>Suitable for: Suitable for Vegans.</p>\n</div>", "Error": "", "Description": "<div class=\"productText\">\n<p>Cava Brut</p>\n<p>\n            \u00a0\n            </p>\n<p>\n<p>M\u00e9todo Tradicional\u00a0</p>\n<p>Our winemakers have created this fresh, dry Cava using only the best grapes. The wine is aged in ancient cellars in the Catalan town of Sant Sadurni d'Anoia to give zesty citrus aromas, and flavour of crisp green apple.\u00a0</p>\n<p>\u00a0</p>\n<p>Grape:       Parellada, Macabeo &amp; Xarel-lo\u00a0</p>\n<p>Style:        Fresh &amp; vibrant\u00a0</p>\n<p>Taste:       Zesty citrus and green apple flavours\u00a0</p>\n<p>With:        Great with smoked salmon or fish and chips\u00a0</p>\n<p>\u00a0</p>\n<p>Warning: As with all sparkling wines, open with care, pointing away from people and fragile objects.</p>\n</p>\n</div>", "Size": "<div class=\"productText\">\n<p>75cl.</p>\n</div>", "Manufacturer": "<div class=\"productText\">\n<p>We are happy to replace this item if it is not satisfactory</p>\n<p>Sainsbury's Supermarkets Ltd.</p>\n<p>33 Holborn, London EC1N 2HT</p>\n<p>Customer services 0800 636262</p>\n</div>"}, {"Preparation": "<div class=\"itemTypeGroupContainer productText\" style=\"page-break-inside : avoid\">\n<h3 class=\"printOnlyBlock partHead\">Preparation</h3>\n<div class=\"itemTypeGroup\">\n<div class=\"memo\">\n<p>Perfect with fresh, contemporary cuisine, or as an aperitif.</p>\n</div>\n<div class=\"nameTextItems\">\n<p>Serving suggestion: Serve with fresh fish, oysters, salads, smoked salmon, sashimi, pan seared scallops, spinach and ricotta stuffed cannelloni, pad Thai, oven roasted asparagus with shaved parmesan.</p>\n</div>\n</div>\n</div>", "PricePerMeasureMeasure": "75cl", "Description": "<div class=\"itemTypeGroupContainer productText\" style=\"page-break-inside : avoid\">\n<h3>Description</h3>\n<div class=\"memo\">\n<p>Sauvignon Blanc - White New Zealander Wine</p>\n</div>\n<div class=\"longTextItems\">\n<p>Wine of Marlborough, New Zealand</p>\n</div>\n<div class=\"itemTypeGroup\">\n<div class=\"memo\">\n<p>Enticing tropical flavours, scented with fragrant passionfruit and a zesty freshness.<br>\n<br>Pale straw green in colour with brilliant clarity, Oyster Bay Marlborough Sauvignon Blanc is zesty and aromatic with lots of lively, penetrating fruit characters. A concentration of tropical and gooseberry flavours with an abundant bouquet, it is a wine that is always crisp, elegant and refreshing. <br>\n<br>Marlborough is New Zealand's largest and most renowned wine growing region. Characterised by a temperate, maritime climate, it produces intense, aromatic wines with trademark acidity.</br></br></br></br></p>\n</div>\n<div class=\"memo\">\n<p>The philosophy of Oyster Bay is to produce fine, distinctly regional Super Premium wines that are elegant and assertive, with glorious fruit flavours.</p>\n</div>\n</div>\n</div>", "img": "/wcsstore7.30.4.18/ExtendedSitesCatalogAssetStore/images/catalog/productImages/01/9415549802601/9415549802601_L.jpeg", "title": "Oyster Bay Sauvignon Blanc 75cl", "Country of Origin": "<div class=\"itemTypeGroupContainer productText\" style=\"page-break-inside : avoid\">\n<h3 class=\"printOnlyBlock partHead\">Country of Origin</h3>\n<div class=\"itemTypeGroup\">\n<div class=\"nameLookups\">\n<p>Country of origin: New Zealand</p>\n</div>\n<div class=\"nameTextItems\">\n<p>Wine of New Zealand</p>\n</div>\n</div>\n</div>", "pricePerUnit": "9.00", "Storage": "<div class=\"itemTypeGroupContainer productText\" style=\"page-break-inside : avoid\">\n<h3 class=\"printOnlyBlock partHead\">Storage</h3>\n<div class=\"itemTypeGroup\">\n<div class=\"memo\">\n<p>To enjoy this wine at its best, drink within 1 year of purchase</p>\n</div>\n</div>\n</div>", "Packaging": "<div class=\"itemTypeGroupContainer productText\" style=\"page-break-inside : avoid\">\n<h3 class=\"printOnlyBlock partHead\">Packaging</h3>\n<div class=\"itemTypeGroup\">\n<div class=\"nameLookups\">\n<p>Bottle</p>\n</div>\n</div>\n</div>", "PricePerMeasure": "9.00", "Dietary Information": "<div class=\"itemTypeGroupContainer productText\" style=\"page-break-inside : avoid\">\n<h3>Dietary Information</h3>\n<div class=\"itemTypeGroup\">\n<div class=\"memo\">\n<p></p>\n</div>\n<div class=\"nameLookups\">\n<p>Contains Eggs</p>\n<p>Contains Milk</p>\n<p>Contains Sulphur Dioxide/Sulphites</p>\n</div>\n</div>\n</div>", "Error": "", "Manufacturer": "<div class=\"itemTypeGroupContainer productText\" style=\"page-break-inside : avoid\">\n<h3 class=\"printOnlyBlock partHead\">Manufacturer</h3>\n<div class=\"itemTypeGroup\">\n<div class=\"memo\">\n<p>Produced and bottled by:<br>Oyster Bay Wines New Zealand Ltd.,<br>13 Alfred Street,<br>Blenheim,<br>Marlborough,<br>New Zealand.</br></br></br></br></br></p>\n</div>\n</div>\n</div>", "pricePerUnitUnit": "unit", "Alcohol": "<div class=\"itemTypeGroupContainer productText\" style=\"page-break-inside : avoid\">\n<h3>Alcohol</h3>\n<div class=\"nameTextItems\">\n<p>Alcohol by volume: 13.0%</p>\n<p>Alcoholic content: 9.75 units</p>\n<p>Serving suggestion: Enticing tropical flavours, scented with fragrant passionfruit and a zesty freshness.</p>\n<div class=\"nameLookups\">\n<p>Region of origin: Marlborough</p>\n</div>\n<div class=\"nameTextItems\">\n<p>Producer: Oyster Bay Wines New Zealand Ltd.</p>\n<p>Grape variety: Sauvignon Blanc</p>\n<p>Winemaker: Michael Ivicevich</p>\n<p>Agent: Delegat Europe Ltd.</p>\n</div>\n<div class=\"nameLookups\">\n<p>Wine colour: White</p>\n</div>\n<div class=\"nameLookups\">\n<p>Type of closure: Screwcap</p>\n</div>\n<div class=\"nameLookups\">\n<p>Storage instructions: To enjoy this wine at its best, drink within  of purchase.1 year</p>\n</div>\n<div class=\"nameTextItems\">\n<p>Vinification: A long, slow, temperature controlled fermentation and immediate bottling after winemaking, retains all the wonderful fruit flavours and aromas that are present.</p>\n<p>History: The philosophy of Oyster Bay is to produce fine, distinctly regional Super Premium wines that are elegant and assertive, with glorious fruit flavours. Oyster Bay produces wines from the renowned regions of Marlborough and Hawke's Bay.</p>\n<p>Regional information: Marlborough is New Zealand's largest and most renowned wine growing region. Characterised by a temperate, maritime climate, it produces intense, aromatic wines with trademark acidity.</p>\n</div>\n</div>\n</div>"}, {"Preparation": "<div class=\"itemTypeGroupContainer productText\" style=\"page-break-inside : avoid\">\n<h3 class=\"printOnlyBlock partHead\">Preparation</h3>\n<div class=\"itemTypeGroup\">\n<div class=\"nameTextItems\">\n<p>Serving suggestion: Enjoy with seafood and white meats</p>\n</div>\n</div>\n</div>", "PricePerMeasureMeasure": "75cl", "Description": "<div class=\"itemTypeGroupContainer productText\" style=\"page-break-inside : avoid\">\n<h3>Description</h3>\n<div class=\"memo\">\n<p>Sauvignon Blanc - White New Zealand Wine</p>\n</div>\n<div class=\"longTextItems\">\n<p>Wine of Marlborough, New Zealand</p>\n<p>New Zealand's Most Admired Wine Brand Drinks International 2017</p>\n<p>Sustainable winegrowing New Zealand</p>\n</div>\n<div class=\"itemTypeGroup\">\n<div class=\"memo\">\n<p>This wine is approachable and food friendly with a beautiful expression of crisp lime and ripe passionfruit. Enjoy with seafood and white meats.<br>Sir George Fistonich<br>Founder and Owner</br></br></p>\n</div>\n<div class=\"memo\">\n<p>A leader in sustainability, innovation and quality, our family winery is recognised as an icon in the New Zealand wine industry.</p>\n</div>\n</div>\n</div>", "img": "/wcsstore7.30.4.18/ExtendedSitesCatalogAssetStore/images/catalog/productImages/28/9414416305528/9414416305528_L.jpeg", "title": "Villa Maria Private Bin Sauvignon Blanc 75cl", "Country of Origin": "<div class=\"itemTypeGroupContainer productText\" style=\"page-break-inside : avoid\">\n<h3 class=\"printOnlyBlock partHead\">Country of Origin</h3>\n<div class=\"itemTypeGroup\">\n<div class=\"nameLookups\">\n<p>Country of origin: New Zealand</p>\n</div>\n<div class=\"nameTextItems\">\n<p>New Zealand Wine</p>\n</div>\n</div>\n</div>", "pricePerUnit": "7.75", "pricePerUnitUnit": "unit", "Packaging": "<div class=\"itemTypeGroupContainer productText\" style=\"page-break-inside : avoid\">\n<h3 class=\"printOnlyBlock partHead\">Packaging</h3>\n<div class=\"itemTypeGroup\">\n<div class=\"nameLookups\">\n<p>Bottle</p>\n</div>\n</div>\n</div>", "PricePerMeasure": "7.75", "Dietary Information": "<div class=\"itemTypeGroupContainer productText\" style=\"page-break-inside : avoid\">\n<h3>Dietary Information</h3>\n<div class=\"itemTypeGroup\">\n<div class=\"memo\">\n<p></p>\n</div>\n<div class=\"nameLookups\">\n<p>Contains Milk</p>\n<p>Contains Sulphur Dioxide/Sulphites</p>\n</div>\n</div>\n</div>", "Error": "", "Manufacturer": "<div class=\"itemTypeGroupContainer productText\" style=\"page-break-inside : avoid\">\n<h3 class=\"printOnlyBlock partHead\">Manufacturer</h3>\n<div class=\"itemTypeGroup\">\n<div class=\"memo\">\n<p>Produced by:<br>Villa Maria Estate Ltd.,<br>118 Montgomerie Road,<br>Auckland,<br>New Zealand.</br></br></br></br></p>\n</div>\n</div>\n</div>", "Alcohol": "<div class=\"itemTypeGroupContainer productText\" style=\"page-break-inside : avoid\">\n<h3>Alcohol</h3>\n<div class=\"nameTextItems\">\n<p>Alcohol by volume: 12.5%</p>\n<p>Alcoholic content: 9.4 units</p>\n<p>Serving suggestion: This wine is approachable and food friendly with a beautiful expression of crisp lime and ripe passionfruit</p>\n</div>\n</div>"}, {"Preparation": "<div class=\"itemTypeGroupContainer productText\" style=\"page-break-inside : avoid\">\n<h3 class=\"printOnlyBlock partHead\">Preparation</h3>\n<div class=\"itemTypeGroup\">\n<div class=\"memo\">\n<p>Best served chilled.</p>\n</div>\n<div class=\"nameTextItems\">\n<p>Serving suggestion: Best served chilled</p>\n</div>\n</div>\n</div>", "PricePerMeasureMeasure": "ltr", "Description": "<div class=\"itemTypeGroupContainer productText\" style=\"page-break-inside : avoid\">\n<h3>Description</h3>\n<div class=\"memo\">\n<p>Beer</p>\n</div>\n<div class=\"longTextItems\">\n<p>German brewing heritage</p>\n<p>Brewed under the German purity law of 1516 with only 4 natural ingredients: barley, hops, yeast and water</p>\n</div>\n<div class=\"itemTypeGroup\">\n<div class=\"memo\">\n<p>Golden in color, Beck's is a classic German-style pilsner with a robust, distinctive full-bodied taste, a fresh \u201choppy\u201d bouquet, distinct bitterness and a rich, full head.</p>\n</div>\n<div class=\"memo\">\n<p>Over 140 years of heritage, independent, quirky and progressive - Beck's is a pilsner style lager originally brewed in Germany according to Reinheitsgebot (German purity law).</p>\n</div>\n<div class=\"memo\">\n<p>Being at the forefront of innovative thinking, Beck's is well known for supporting up and coming talents within art, design, fashion and music. To find out more visit www.becks.com</p>\n</div>\n</div>\n</div>", "img": "/wcsstore7.30.4.18/ExtendedSitesCatalogAssetStore/images/catalog/productImages/31/4100130037931/4100130037931_L.jpeg", "Ingredients": "<div class=\"itemTypeGroupContainer productText\" style=\"page-break-inside : avoid\">\n<div class=\"itemTypeGroup\">\n<div class=\"longTextItems\">\n<h3 class=\"itemHeader\">Ingredients</h3>\n<ul class=\"productIngredients\">\n<li>Water, </li>\n<li><span style=\"font-weight: bold;\">Malted Barley</span>, </li>\n<li>Hops, </li>\n<li>Yeast</li>\n</ul>\n</div>\n</div>\n</div>", "Country of Origin": "<div class=\"itemTypeGroupContainer productText\" style=\"page-break-inside : avoid\">\n<h3 class=\"printOnlyBlock partHead\">Country of Origin</h3>\n<div class=\"itemTypeGroup\">\n<div class=\"nameLookups\">\n<p>Country of origin: United Kingdom</p>\n</div>\n<div class=\"nameTextItems\">\n<p>Brewed in the UK</p>\n</div>\n</div>\n</div>", "pricePerUnit": "13.00", "title": "Beck's Lager 20x275ml", "Storage": "<div class=\"itemTypeGroupContainer productText\" style=\"page-break-inside : avoid\">\n<h3 class=\"printOnlyBlock partHead\">Storage</h3>\n<div class=\"itemTypeGroup\">\n<div class=\"memo\">\n<p>Best Before End: See Back Panel</p>\n</div>\n</div>\n</div>", "Packaging": "<div class=\"itemTypeGroupContainer productText\" style=\"page-break-inside : avoid\">\n<h3 class=\"printOnlyBlock partHead\">Packaging</h3>\n<div class=\"itemTypeGroup\">\n<div class=\"nameLookups\">\n<p>Box</p>\n</div>\n</div>\n</div>", "PricePerMeasure": "2.36", "Dietary Information": "<div class=\"itemTypeGroupContainer productText\" style=\"page-break-inside : avoid\">\n<h3>Dietary Information</h3>\n<div class=\"itemTypeGroup\">\n<div class=\"memo\">\n<p></p>\n</div>\n<div class=\"nameLookups\">\n<p>Contains Barley</p>\n</div>\n</div>\n</div>", "Error": "", "Manufacturer": "<div class=\"itemTypeGroupContainer productText\" style=\"page-break-inside : avoid\">\n<h3 class=\"printOnlyBlock partHead\">Manufacturer</h3>\n<div class=\"itemTypeGroup\">\n<div class=\"memo\">\n<p>Brewed by:<br>AB InBev UK Limited,<br>Luton,<br>LU1 3LS.</br></br></br></p>\n</div>\n</div>\n</div>", "pricePerUnitUnit": "unit", "Alcohol": "<div class=\"itemTypeGroupContainer productText\" style=\"page-break-inside : avoid\">\n<h3>Alcohol</h3>\n<div class=\"nameTextItems\">\n<p>Alcohol by volume: 4.8%</p>\n<p>Alcoholic content: 1.3 units</p>\n<p>Serving suggestion: Golden in color, Beck's is a classic German-style pilsner with a robust, distinctive full-bodied taste, a fresh \u201choppy\u201d bouquet, distinct bitterness and a rich, full head</p>\n</div>\n</div>"}, {"PricePerMeasureMeasure": "ltr", "Description": "<div class=\"itemTypeGroupContainer productText\" style=\"page-break-inside : avoid\">\n<h3>Description</h3>\n<div class=\"memo\">\n<p>Premium Lager</p>\n</div>\n<div class=\"longTextItems\">\n<p>Over 600 years of brewing expertise</p>\n</div>\n<div class=\"itemTypeGroup\">\n<div class=\"memo\">\n<p>The roots of our rich brewing heritage can be traced back as early as 1366, to the town of Leuven, Belgium. Over 600 years later, we remain dedicated to crafting beers of distinction; using the very same passion, skill and devotion as the master brewers before us.</p>\n</div>\n</div>\n</div>", "img": "/wcsstore7.30.4.18/ExtendedSitesCatalogAssetStore/images/catalog/productImages/99/5010017109899/5010017109899_L.jpeg", "Ingredients": "<div class=\"itemTypeGroupContainer productText\" style=\"page-break-inside : avoid\">\n<div class=\"itemTypeGroup\">\n<div class=\"longTextItems\">\n<h3 class=\"itemHeader\">Ingredients</h3>\n<ul class=\"productIngredients\">\n<li>Water, </li>\n<li><span style=\"font-weight: bold;\">Malted Barley</span>, </li>\n<li>Maize, </li>\n<li>Hops</li>\n</ul>\n</div>\n</div>\n</div>", "Country of Origin": "<div class=\"itemTypeGroupContainer productText\" style=\"page-break-inside : avoid\">\n<h3 class=\"printOnlyBlock partHead\">Country of Origin</h3>\n<div class=\"itemTypeGroup\">\n<div class=\"nameLookups\">\n<p>Country of origin: United Kingdom</p>\n</div>\n<div class=\"nameTextItems\">\n<p>Brewed in the UK</p>\n</div>\n</div>\n</div>", "pricePerUnit": "11.00", "title": "Stella Artois Lager 15x284ml", "Storage": "<div class=\"itemTypeGroupContainer productText\" style=\"page-break-inside : avoid\">\n<h3 class=\"printOnlyBlock partHead\">Storage</h3>\n<div class=\"itemTypeGroup\">\n<div class=\"memo\">\n<p>Best Before End: See Back Panel</p>\n</div>\n</div>\n</div>", "Packaging": "<div class=\"itemTypeGroupContainer productText\" style=\"page-break-inside : avoid\">\n<h3 class=\"printOnlyBlock partHead\">Packaging</h3>\n<div class=\"itemTypeGroup\">\n<div class=\"nameLookups\">\n<p>Box</p>\n</div>\n</div>\n</div>", "PricePerMeasure": "2.58", "Dietary Information": "<div class=\"itemTypeGroupContainer productText\" style=\"page-break-inside : avoid\">\n<h3>Dietary Information</h3>\n<div class=\"itemTypeGroup\">\n<div class=\"memo\">\n<p></p>\n</div>\n<div class=\"nameLookups\">\n<p>Contains Barley</p>\n</div>\n</div>\n</div>", "Error": "", "Manufacturer": "<div class=\"itemTypeGroupContainer productText\" style=\"page-break-inside : avoid\">\n<h3 class=\"printOnlyBlock partHead\">Manufacturer</h3>\n<div class=\"itemTypeGroup\">\n<div class=\"memo\">\n<p>Brewed by:<br>AB InBev UK Limited,<br>LU1 3LS.</br></br></p>\n</div>\n</div>\n</div>", "pricePerUnitUnit": "unit", "Alcohol": "<div class=\"itemTypeGroupContainer productText\" style=\"page-break-inside : avoid\">\n<h3>Alcohol</h3>\n<div class=\"nameTextItems\">\n<p>Alcohol by volume: 4.8%</p>\n<p>Alcoholic content: 1.4 units</p>\n</div>\n</div>"}, {"Nutrition": "<div class=\"productText\">\n<div>\n<p>\n<strong>Table of Nutritional Information</strong>\n</p>\n<div class=\"tableWrapper\">\n<table class=\"nutritionTable\">\n<thead>\n<tr class=\"tableTitleRow\">\n<th scope=\"col\">Typical Values</th><th scope=\"col\">Per 100ml\u00a0</th><th scope=\"col\">Per 125 ml glass\u00a0</th><th scope=\"col\">% based on RI for Average Adult</th>\n</tr>\n</thead>\n<tr class=\"tableRow1\">\n<th class=\"rowHeader\" rowspan=\"2\" scope=\"row\">Energy</th><td class=\"tableRow1\">324kJ</td><td class=\"tableRow1\">405kJ</td><td class=\"tableRow1\">-</td>\n</tr>\n<tr class=\"tableRow0\">\n<td class=\"tableRow0\">78kcal</td><td class=\"\">98kcal</td><td class=\"\">5%</td>\n</tr>\n</table>\n</div>\n<p>RI= Reference intake of an average adult (8400 kJ / 2000 kcal)</p>\n<p>This pack contains 6 servings</p>\n</div>\n</div>", "PricePerMeasureMeasure": "75cl", "Size": "<div class=\"productText\">\n<p>75 cl e</p>\n</div>", "Alcohol": "<div class=\"productText\">\n<p>\n<span class=\"alcoholSubHeading\">Units of Alcohol:\u00a0 </span><span class=\"alcoholDetail\">1.3 Units of Alcohol per 125 ml Glass\n7.5 Units of Alcohol per 75 cl Bottle units</span>\n</p>\n<p>\n<span class=\"alcoholSubHeading\">Alcohol by volume:\u00a0 </span><span class=\"alcoholDetail\">10 %</span>\n</p>\n<p>\n<span class=\"alcoholSubHeading\">Statutory description:\u00a0 </span><span class=\"alcoholDetail\">Prosecco Frizzante</span>\n</p>\n</div>", "img": "/wcsstore7.30.4.18/ExtendedSitesCatalogAssetStore/images/catalog/productImages/93/0000001689693/0000001689693_L.jpeg", "title": "Sainsbury's Prosecco Frizzante 75cl", "pricePerUnit": "6.00", "pricePerUnitUnit": "unit", "Packaging": "<div class=\"productText\">\n<p>Glass bottle</p>\n<p>Aluminium screw cap</p>\n<p>Recycled paper label</p>\n</div>", "PricePerMeasure": "6.00", "Dietary Information": "<div class=\"productText\">\n<p>Contains:<strong> sulphites</strong>.<strong></strong></p>\n</div>", "Error": "", "Manufacturer": "<div class=\"productText\">\n<p>We are happy to replace this item if it is not satisfactory</p>\n<p>Sainsbury's Supermarkets Ltd.</p>\n<p>33 Holborn, London EC1N 2HT</p>\n<p>Customer services 0800 636262</p>\n</div>", "Description": "<div class=\"productText\">\n<p>Prosecco Frizzante</p>\n<p>\n            \u00a0\n            </p>\n<p>\n<p>Lightly sparkling with crisp green apple notes and a citrus finish. Serve as an ap\u00e9ritif or with canap\u00e9s</p>\n</p>\n</div>"}, {"Preparation": "<div class=\"itemTypeGroupContainer productText\" style=\"page-break-inside : avoid\">\n<h3 class=\"printOnlyBlock partHead\">Preparation</h3>\n<div class=\"itemTypeGroup\">\n<div class=\"memo\">\n<p>Enjoy with red meat, pasta and cheese.</p>\n</div>\n<div class=\"nameTextItems\">\n<p>Serving suggestion: Enjoy with red meat, pasta and cheese</p>\n</div>\n</div>\n</div>", "Nutrition": "<div class=\"itemTypeGroupContainer productText\" style=\"page-break-inside : avoid\">\n<div class=\"itemTypeGroup\">\n<div class=\"textualNutrition\">\n<h3>Nutrition</h3>\n<p>\n<strong>Table of Nutritional Information</strong>\n</p>\n<div class=\"tableWrapper\" xmlns:asp=\"remove\">\n<table class=\"nutritionTable\">\n<thead>\n<tr>\n<th scope=\"col\"></th><th scope=\"col\">Per 100ml glass</th><th scope=\"col\">Per 125ml glass</th>\n</tr>\n</thead>\n<tbody>\n<tr>\n<th class=\"rowHeader\" rowspan=\"2\" scope=\"row\">Energy </th><td>72kcal/<br>90kJ</br></td><td>90kcal/<br>301kJ</br></td>\n</tr>\n</tbody>\n</table>\n</div>\n<div class=\"nameTextLookups\"></div>\n</div>\n</div>\n</div>", "PricePerMeasureMeasure": "75cl", "Description": "<div class=\"itemTypeGroupContainer productText\" style=\"page-break-inside : avoid\">\n<h3>Description</h3>\n<div class=\"memo\">\n<p>Merlot Cabernet Sauvignon - Red Chilean Wine</p>\n</div>\n<div class=\"longTextItems\">\n<p>An elegant, smooth wine with cherry and pepper aromas</p>\n<p>Wine of Chile</p>\n</div>\n<div class=\"itemTypeGroup\">\n<div class=\"memo\">\n<p>Vina Maipo wines have been traditionally crafted in the heart of the Maipo Valley since 1948. We continue to have a passion for blending delicious quality wines, so celebrate the heritage of Maipo town with a glass of Merlot today.<br>\n<br>Crafted in the heart of the Maipo Valley by our chief winemaker, Max Weinlaub</br></br></p>\n</div>\n</div>\n</div>", "img": "/wcsstore7.30.4.18/ExtendedSitesCatalogAssetStore/images/catalog/productImages/32/7804320746432/7804320746432_L.jpeg", "title": "Vina Maipo Merlot 75cl", "Country of Origin": "<div class=\"itemTypeGroupContainer productText\" style=\"page-break-inside : avoid\">\n<h3 class=\"printOnlyBlock partHead\">Country of Origin</h3>\n<div class=\"itemTypeGroup\">\n<div class=\"nameLookups\">\n<p>Country of origin: Chile</p>\n</div>\n<div class=\"nameTextItems\">\n<p>Wine of Chile</p>\n</div>\n</div>\n</div>", "pricePerUnit": "5.00", "pricePerUnitUnit": "unit", "Packaging": "<div class=\"itemTypeGroupContainer productText\" style=\"page-break-inside : avoid\">\n<h3 class=\"printOnlyBlock partHead\">Packaging</h3>\n<div class=\"itemTypeGroup\">\n<div class=\"nameLookups\">\n<p>Bottle</p>\n</div>\n</div>\n</div>", "PricePerMeasure": "5.00", "Dietary Information": "<div class=\"itemTypeGroupContainer productText\" style=\"page-break-inside : avoid\">\n<h3>Dietary Information</h3>\n<div class=\"itemTypeGroup\">\n<div class=\"memo\">\n<p></p>\n</div>\n<div class=\"nameLookups\">\n<p>Contains Sulphur Dioxide/Sulphites</p>\n</div>\n</div>\n</div>", "Error": "", "Manufacturer": "<div class=\"itemTypeGroupContainer productText\" style=\"page-break-inside : avoid\">\n<h3 class=\"printOnlyBlock partHead\">Manufacturer</h3>\n<div class=\"itemTypeGroup\">\n<div class=\"memo\">\n<p>Produced by:<br>Vi\u00f1a Maipo SPA,<br>Virginia Subercaseaux 210,<br>Pirque,<br>Santiago,<br>Chile.<br>\n<br>Bottled by:<br>W1740,<br>DH9 7XP,<br>UK.</br></br></br></br></br></br></br></br></br></br></p>\n</div>\n</div>\n</div>", "Alcohol": "<div class=\"itemTypeGroupContainer productText\" style=\"page-break-inside : avoid\">\n<h3>Alcohol</h3>\n<div class=\"nameTextItems\">\n<p>Alcohol by volume: 12%</p>\n<p>Alcoholic content: 9 units</p>\n<p>Serving suggestion: Purple in colour with aromas of red fruit and soft toasted notes. Bright with a medium intensity.</p>\n<div class=\"nameTextItems\">\n<p>Producer: CYT UK</p>\n<p>Grape variety: RedGrapeBlend</p>\n<p>Agent: CYT UK</p>\n</div>\n<div class=\"nameLookups\">\n<p>Wine colour: Red</p>\n</div>\n<div class=\"nameLookups\">\n<p>Type of closure: Screwcap</p>\n</div>\n<div class=\"nameLookups\">\n<p>Storage instructions: This wine is ideal for drinking now but can be kept for up to 1 year</p>\n</div>\n<div class=\"nameTextItems\">\n<p>Vinification: Fermented in stainless steel tanks followed by maturation in stainless steel tanks.</p>\n<p>History: Vina Maipo wines have been traditionally crafted in the heart of the Maipo Valley since 1948. We continue to have a passion for blending delicious quality wines.</p>\n<p>Regional information: Soil Alluvial and colluvial. Good permeable soils with medium organic matter content. Climate Mediterranean Viticulture practices Vertical trellis system</p>\n</div>\n</div>\n</div>"}, {"Preparation": "<div class=\"itemTypeGroupContainer productText\" style=\"page-break-inside : avoid\">\n<h3 class=\"printOnlyBlock partHead\">Preparation</h3>\n<div class=\"itemTypeGroup\">\n<div class=\"nameTextItems\">\n<p>Serving suggestion: This well-balanced, crisp and aromatic dry white is a classic combination with delicate white fish, particularly sea bass and fresh salmon</p>\n</div>\n</div>\n</div>", "PricePerMeasureMeasure": "75cl", "Description": "<div class=\"itemTypeGroupContainer productText\" style=\"page-break-inside : avoid\">\n<h3>Description</h3>\n<div class=\"memo\">\n<p>Sauvignon Blanc - S\u00e9millon - White French Wine</p>\n</div>\n<div class=\"longTextItems\">\n<p>Wine of France</p>\n</div>\n<div class=\"itemTypeGroup\">\n<div class=\"memo\">\n<p>The beautiful wine region of Bergerac, just to the east of Bordeaux, has always taken an independently-minded attitude towards the wine it produces. Free from the constraints imposed by the historically powerful Bordelais, the Bergerac region continues to this day to produce stylish wines without the price of its more famous neighbour.<br>Fresh lemony flavours combined with honeysuckle softness. This well-balanced, crisp and aromatic dry white is a classic combination with delicate white fish, particularly sea bass and fresh salmon.</br></p>\n</div>\n</div>\n</div>", "img": "/wcsstore7.30.4.18/ExtendedSitesCatalogAssetStore/images/catalog/productImages/81/3760080091981/3760080091981_L.jpeg", "title": "Bergerac Grande Reserve Sauvignon Blanc Semillon 75cl", "Country of Origin": "<div class=\"itemTypeGroupContainer productText\" style=\"page-break-inside : avoid\">\n<h3 class=\"printOnlyBlock partHead\">Country of Origin</h3>\n<div class=\"itemTypeGroup\">\n<div class=\"nameLookups\">\n<p>Country of origin: France</p>\n</div>\n</div>\n</div>", "pricePerUnit": "7.00", "pricePerUnitUnit": "unit", "Packaging": "<div class=\"itemTypeGroupContainer productText\" style=\"page-break-inside : avoid\">\n<h3 class=\"printOnlyBlock partHead\">Packaging</h3>\n<div class=\"itemTypeGroup\">\n<div class=\"nameLookups\">\n<p>Bottle</p>\n</div>\n</div>\n</div>", "PricePerMeasure": "7.00", "Dietary Information": "<div class=\"itemTypeGroupContainer productText\" style=\"page-break-inside : avoid\">\n<h3>Dietary Information</h3>\n<div class=\"itemTypeGroup\">\n<div class=\"memo\">\n<p></p>\n</div>\n<div class=\"nameLookups\">\n<p>Contains Sulphur Dioxide/Sulphites</p>\n</div>\n</div>\n</div>", "Error": "", "Manufacturer": "<div class=\"itemTypeGroupContainer productText\" style=\"page-break-inside : avoid\">\n<h3 class=\"printOnlyBlock partHead\">Manufacturer</h3>\n<div class=\"itemTypeGroup\">\n<div class=\"memo\">\n<p>Produced and bottled for:<br>Grandissime,<br>F33370,<br>Artigues.<br>\n<br>By:<br>Sicsoe \u00c0 F33360,<br>C\u00e9nac,<br>France.</br></br></br></br></br></br></br></br></p>\n</div>\n</div>\n</div>", "Alcohol": "<div class=\"itemTypeGroupContainer productText\" style=\"page-break-inside : avoid\">\n<h3>Alcohol</h3>\n<div class=\"nameTextItems\">\n<p>Alcohol by volume: 12%</p>\n<p>Alcoholic content: 9 units</p>\n<p>Serving suggestion: Fresh lemony flavours combined with honeysuckle softness</p>\n</div>\n</div>"}, {"Nutrition": "<div class=\"productText\">\n<div class=\"nutritionalContentSummary\">\n<h2 class=\"reference\">per muffin </h2>\n<ul class=\"lozengeBlock\">\n<li class=\"lozenge energy energy\">\n<div class=\"lozengeHeaderSection\">\n<h3 class=\"lozengeTitle\">ENERGY</h3>\n<p>644kJ</p>\n<p>152kcal</p>\n</div>\n<div class=\"percentage\">\n<p>8%</p>\n</div>\n<p class=\"access\">white</p>\n</li>\n<li class=\"lozenge low fat\">\n<div class=\"lozengeHeaderSection\">\n<h3 class=\"lozengeTitle\">FAT</h3>\n<p>0.9g</p>\n</div>\n<div class=\"percentage\">\n<p>1%</p>\n</div>\n<p class=\"access\">green</p>\n</li>\n<li class=\"lozenge low saturates\">\n<div class=\"lozengeHeaderSection\">\n<h3 class=\"lozengeTitle\">SATURATES</h3>\n<p>0.1g</p>\n</div>\n<div class=\"percentage\">\n<p>1%</p>\n</div>\n<p class=\"access\">green</p>\n</li>\n<li class=\"lozenge medium sugars\">\n<div class=\"lozengeHeaderSection\">\n<h3 class=\"lozengeTitle\">SUGARS</h3>\n<p>5.1g</p>\n</div>\n<div class=\"percentage\">\n<p>6%</p>\n</div>\n<p class=\"access\">amber</p>\n</li>\n<li class=\"lozenge medium salt\">\n<div class=\"lozengeHeaderSection\">\n<h3 class=\"lozengeTitle\">SALT</h3>\n<p>0.62g</p>\n</div>\n<div class=\"percentage\">\n<p>10%</p>\n</div>\n<p class=\"access\">amber</p>\n</li>\n</ul>\n<div class=\"lozengeFooter\">\n<p>% of the Reference Intakes</p>\n<p> Per 100g : Energy 1042 kJ/246 kcal</p>\n<p>RI= Reference intake of an average adult (8400 kJ/2000 kcal)</p>\n</div>\n</div>\n<div>\n<p>\n<strong>Table of Nutritional Information</strong>\n</p>\n<div class=\"tableWrapper\">\n<table class=\"nutritionTable\">\n<thead>\n<tr class=\"tableTitleRow\">\n<th scope=\"col\"></th><th scope=\"col\">Per 100g\u00a0</th><th scope=\"col\">per muffin\u00a0</th><th scope=\"col\">% based on RI for Average Adult</th>\n</tr>\n</thead>\n<tr class=\"tableRow1\">\n<th class=\"rowHeader\" rowspan=\"2\" scope=\"row\">Energy</th><td class=\"tableRow1\">1042kJ</td><td class=\"tableRow1\">644kJ</td><td class=\"tableRow1\">-</td>\n</tr>\n<tr class=\"tableRow0\">\n<td class=\"tableRow0\">246kcal</td><td class=\"\">152kcal</td><td class=\"\">8%</td>\n</tr>\n<tr class=\"tableRow1\">\n<th class=\"rowHeader\" scope=\"row\">Fat</th><td class=\"tableRow1\">1.4g</td><td class=\"nutritionLevel1\">0.9g</td><td class=\"nutritionLevel1\">1%</td>\n</tr>\n<tr class=\"tableRow0\">\n<th class=\"rowHeader\" scope=\"row\">Saturates</th><td class=\"tableRow0\">0.2g</td><td class=\"nutritionLevel1\">0.1g</td><td class=\"nutritionLevel1\">1%</td>\n</tr>\n<tr class=\"tableRow1\">\n<th class=\"rowHeader\" scope=\"row\">Carbohydrate</th><td class=\"tableRow1\">45.7g</td><td class=\"\">28.2g</td><td class=\"\">11%</td>\n</tr>\n<tr class=\"tableRow0\">\n<th class=\"rowHeader\" scope=\"row\">Sugars</th><td class=\"tableRow0\">8.3g</td><td class=\"nutritionLevel2\">5.1g</td><td class=\"nutritionLevel2\">6%</td>\n</tr>\n<tr class=\"tableRow1\">\n<th class=\"rowHeader\" scope=\"row\">Starch</th><td class=\"tableRow1\">37.4g</td><td class=\"\">23.1g</td><td class=\"\">-</td>\n</tr>\n<tr class=\"tableRow0\">\n<th class=\"rowHeader\" scope=\"row\">Fibre</th><td class=\"tableRow0\">2.8g</td><td class=\"\">1.7g</td><td class=\"\">-</td>\n</tr>\n<tr class=\"tableRow1\">\n<th class=\"rowHeader\" scope=\"row\">Protein</th><td class=\"tableRow1\">11.2g</td><td class=\"\">6.9g</td><td class=\"\">14%</td>\n</tr>\n<tr class=\"tableRow0\">\n<th class=\"rowHeader\" scope=\"row\">Salt</th><td class=\"tableRow0\">1.00g</td><td class=\"nutritionLevel2\">0.62g</td><td class=\"nutritionLevel2\">10%</td>\n</tr>\n</table>\n</div>\n<p>Reference intake of an average adult (8400 kJ / 2000 kcal)</p>\n<p>This pack contains 6 servings</p>\n</div>\n</div>", "PricePerMeasureMeasure": "ea", "Description": "<div class=\"productText\">\n<p>6 White Muffins </p>\n<p>\n<p></p>\n</p>\n</div>", "img": "/wcsstore7.30.4.18/ExtendedSitesCatalogAssetStore/images/catalog/productImages/97/0000001806397/0000001806397_L.jpeg", "Ingredients": "<div class=\"productText\">\n<p>Fortified British Wheat Flour (<strong>Wheat</strong> Flour, Calcium Carbonate, Iron, Niacin, Thiamin), Water, Yeast, Sugar, Skimmed Cows' <strong>Milk</strong> Powder, <strong>Wheat</strong> Gluten, Semolina (<strong>Wheat</strong>), Salt, Spirit Vinegar.</p>\n<p>Packaged in a protective atmosphere. Gas mix: 95% Carbon Dioxide</p>\n</div>", "Preparation and Safety": "<div class=\"productText\">\n<p>\n<strong>Cooking instructions: other</strong>\n</p>\n<p>To Toast or can be grilled.  If freezing at home, defrost thoroughly before heating.\nBefore heating: Remove all packaging. Slice muffins and place in toaster until light golden brown.\nAfter heating: Serve warm. Do not reheat once cooled. All cooking appliances vary. This is a guide only.\nTo toast - moderate heat 1-2 mins\nPreheat Grill: Slice muffins and place on grill pan until light golden brown. Turn once.\nAfter heating: Serve warm. Do not reheat once cooled. All cooking appliances vary. This is a guide only.\nTo Heat on grill - moderate heat 2-3 mins</p>\n<p>\n<strong>Warnings:</strong>\n</p>\n<p>Yes</p>\n</div>", "Country of Origin": "<div class=\"productText\">\n<p>Produced in United Kingdom</p>\n</div>", "pricePerUnit": "0.85", "title": "Sainsbury's White Muffins x6", "Storage": "<div class=\"productText\">\n<p>For best before date: see front of pack Store in a cool, dry place away from strong sunlight and odours. </p>\n<p>For best Quality, freeze as soon as possible after purchase and always within the best before date Once frozen consume within 1 months Once defrosted use the same day </p>\n</div>", "Packaging": "<div class=\"productText\">\n<p>Carton board laminate card</p>\n<p>Laminate film flow wrap</p>\n</div>", "PricePerMeasure": "0.14", "Dietary Information": "<div class=\"productText\">\n<p>Allergy Advice<br/>For allergens, including cereals containing gluten, see ingredients in <strong>bold</strong></p>\n</div>", "Error": "", "Size": "<div class=\"productText\">\n<p>351gram e</p>\n</div>", "pricePerUnitUnit": "unit", "Manufacturer": "<div class=\"productText\">\n<p>We are happy to replace this item if it is not satisfactory</p>\n<p>Sainsbury's Supermarkets Ltd.</p>\n<p>33 Holborn, London EC1N 2HT</p>\n<p>Customer services 0800 636262</p>\n</div>"}, {"Nutrition": "<div class=\"productText\">\n<div class=\"nutritionalContentSummary\">\n<h2 class=\"reference\">Per roll Typical Values</h2>\n<ul class=\"lozengeBlock\">\n<li class=\"lozenge energy energy\">\n<div class=\"lozengeHeaderSection\">\n<h3 class=\"lozengeTitle\">ENERGY</h3>\n<p>531kJ</p>\n<p>126kcal</p>\n</div>\n<div class=\"percentage\">\n<p>6%</p>\n</div>\n<p class=\"access\">white</p>\n</li>\n<li class=\"lozenge medium fat\">\n<div class=\"lozengeHeaderSection\">\n<h3 class=\"lozengeTitle\">FAT</h3>\n<p>4.5g</p>\n</div>\n<div class=\"percentage\">\n<p>6%</p>\n</div>\n<p class=\"access\">amber</p>\n</li>\n<li class=\"lozenge medium saturates\">\n<div class=\"lozengeHeaderSection\">\n<h3 class=\"lozengeTitle\">SATURATES</h3>\n<p>1.5g</p>\n</div>\n<div class=\"percentage\">\n<p>8%</p>\n</div>\n<p class=\"access\">amber</p>\n</li>\n<li class=\"lozenge medium sugars\">\n<div class=\"lozengeHeaderSection\">\n<h3 class=\"lozengeTitle\">SUGARS</h3>\n<p>6.5g</p>\n</div>\n<div class=\"percentage\">\n<p>7%</p>\n</div>\n<p class=\"access\">amber</p>\n</li>\n<li class=\"lozenge medium salt\">\n<div class=\"lozengeHeaderSection\">\n<h3 class=\"lozengeTitle\">SALT</h3>\n<p>0.30g</p>\n</div>\n<div class=\"percentage\">\n<p>5%</p>\n</div>\n<p class=\"access\">amber</p>\n</li>\n</ul>\n<div class=\"lozengeFooter\">\n<p>% of the Reference Intakes</p>\n<p>Typical Values Per 100g : Energy 1516 kJ/361 kcal</p>\n<p>RI= Reference intake of an average adult (8400 kJ/2000 kcal)</p>\n</div>\n</div>\n<div>\n<p>\n<strong>Table of Nutritional Information</strong>\n</p>\n<div class=\"tableWrapper\">\n<table class=\"nutritionTable\">\n<thead>\n<tr class=\"tableTitleRow\">\n<th scope=\"col\">Typical Values</th><th scope=\"col\">Per 100g\u00a0</th><th scope=\"col\">Per roll\u00a0</th><th scope=\"col\">% based on RI for Average Adult</th>\n</tr>\n</thead>\n<tr class=\"tableRow1\">\n<th class=\"rowHeader\" rowspan=\"2\" scope=\"row\">Energy</th><td class=\"tableRow1\">1516kJ</td><td class=\"tableRow1\">531kJ</td><td class=\"tableRow1\">-</td>\n</tr>\n<tr class=\"tableRow0\">\n<td class=\"tableRow0\">361kcal</td><td class=\"\">126kcal</td><td class=\"\">6%</td>\n</tr>\n<tr class=\"tableRow1\">\n<th class=\"rowHeader\" scope=\"row\">Fat</th><td class=\"tableRow1\">12.9g</td><td class=\"nutritionLevel2\">4.5g</td><td class=\"nutritionLevel2\">6%</td>\n</tr>\n<tr class=\"tableRow0\">\n<th class=\"rowHeader\" scope=\"row\">Saturates</th><td class=\"tableRow0\">4.4g</td><td class=\"nutritionLevel2\">1.5g</td><td class=\"nutritionLevel2\">8%</td>\n</tr>\n<tr class=\"tableRow1\">\n<th class=\"rowHeader\" scope=\"row\">Mono-unsaturates</th><td class=\"tableRow1\">6.2g</td><td class=\"\">2.2g</td><td class=\"\">-</td>\n</tr>\n<tr class=\"tableRow0\">\n<th class=\"rowHeader\" scope=\"row\">Polyunsaturates</th><td class=\"tableRow0\">2.4g</td><td class=\"\">0.8g</td><td class=\"\">-</td>\n</tr>\n<tr class=\"tableRow1\">\n<th class=\"rowHeader\" scope=\"row\">Carbohydrate</th><td class=\"tableRow1\">52.1g</td><td class=\"\">18.2g</td><td class=\"\">7%</td>\n</tr>\n<tr class=\"tableRow0\">\n<th class=\"rowHeader\" scope=\"row\">Sugars</th><td class=\"tableRow0\">18.5g</td><td class=\"nutritionLevel2\">6.5g</td><td class=\"nutritionLevel2\">7%</td>\n</tr>\n<tr class=\"tableRow1\">\n<th class=\"rowHeader\" scope=\"row\">Starch</th><td class=\"tableRow1\">33.6g</td><td class=\"\">11.8g</td><td class=\"\">-</td>\n</tr>\n<tr class=\"tableRow0\">\n<th class=\"rowHeader\" scope=\"row\">Fibre</th><td class=\"tableRow0\">2.1g</td><td class=\"\">0.7g</td><td class=\"\">-</td>\n</tr>\n<tr class=\"tableRow1\">\n<th class=\"rowHeader\" scope=\"row\">Protein</th><td class=\"tableRow1\">8.0g</td><td class=\"\">2.8g</td><td class=\"\">6%</td>\n</tr>\n<tr class=\"tableRow0\">\n<th class=\"rowHeader\" scope=\"row\">Salt</th><td class=\"tableRow0\">0.85g</td><td class=\"nutritionLevel2\">0.30g</td><td class=\"nutritionLevel2\">5%</td>\n</tr>\n</table>\n</div>\n<p>Reference intake of an average adult (8400 kJ / 2000 kcal)</p>\n<p>This pack contains 8 servings</p>\n</div>\n</div>", "PricePerMeasureMeasure": "ea", "Description": "<div class=\"productText\">\n<p>8 Milk Chocolate Chip Brioche Rolls</p>\n<p>\n<p></p>\n</p>\n</div>", "img": "/wcsstore7.30.4.18/ExtendedSitesCatalogAssetStore/images/catalog/productImages/63/0000001389463/0000001389463_L.jpeg", "Ingredients": "<div class=\"productText\">\n<p><p><strong>Wheat</strong> Flour, Milk Chocolate Chip (16%) (Sugar, Whole Cows' <strong>Milk</strong> Powder, Cocoa Butter, Cocoa Mass, Lactose (Cows' <strong>Milk</strong>), Emulsifier: Sunflower Lecithin; Flavouring), Pasteurised Barn <strong>Egg</strong>, Water, Sugar, Rapeseed Oil, Skimmed Cows' <strong>Milk</strong> Powder, Pasteurised Free Range <strong>Egg</strong> White, Yeast, Emulsifier: Mono- and Diglycerides of Fatty Acids; Salt, Natural Flavourings, Colour:\u00a0Carotenes; Acerola Extract.</p></p>\n<p>Chocolate products: Milk solids at 17% minimum and Cocoa solids at 30% minimum</p>\n</div>", "Country of Origin": "<div class=\"productText\">\n<p>Produced in France</p>\n</div>", "pricePerUnit": "0.90", "title": "Sainsbury's Milk Chocolate Chip Brioche Roll x8", "Storage": "<div class=\"productText\">\n<p>For Best Before Date: See side of pack Store in a cool dry place away from strong sunlight and odours To retain freshness once opened, reseal bag with clip Once opened use within 3 days </p>\n<p>Suitable for freezing Use within 1 month </p>\n<p>Defrost fully before and use within 24 hours Do not refreeze once defrosted </p>\n</div>", "Packaging": "<div class=\"productText\">\n<p>Plastic - PP bag</p>\n<p>Other composite clip</p>\n</div>", "PricePerMeasure": "0.11", "Health": "<div class=\"productText\">\n<p>Improved recipe</p>\n</div>", "Dietary Information": "<div class=\"productText\">\n<p>Allergy Advice<br/>For allergens, including cereals containing gluten, see ingredients in <strong>bold</strong><br/>Also, not suitable for customers with an allergy to nuts or rye due to manufacturing methods</p>\n</div>", "Error": "", "Size": "<div class=\"productText\">\n<p>280gram e</p>\n</div>", "pricePerUnitUnit": "unit", "Manufacturer": "<div class=\"productText\">\n<p>We are happy to replace this item if it is not satisfactory</p>\n<p>Sainsbury's Supermarkets Ltd.</p>\n<p>33 Holborn, London EC1N 2HT</p>\n<p>Customer services 0800 636262</p>\n</div>"}, {"Nutrition": "<div class=\"productText\">\n<div class=\"nutritionalContentSummary\">\n<h2 class=\"reference\">per crumpet Typical Values</h2>\n<ul class=\"lozengeBlock\">\n<li class=\"lozenge energy energy\">\n<div class=\"lozengeHeaderSection\">\n<h3 class=\"lozengeTitle\">ENERGY</h3>\n<p>448kJ</p>\n<p>106kcal</p>\n</div>\n<div class=\"percentage\">\n<p>5%</p>\n</div>\n<p class=\"access\">white</p>\n</li>\n<li class=\"lozenge low fat\">\n<div class=\"lozengeHeaderSection\">\n<h3 class=\"lozengeTitle\">FAT</h3>\n<p>0.5g</p>\n</div>\n<div class=\"percentage\">\n<p>1%</p>\n</div>\n<p class=\"access\">green</p>\n</li>\n<li class=\"lozenge low saturates\">\n<div class=\"lozengeHeaderSection\">\n<h3 class=\"lozengeTitle\">SATURATES</h3>\n<p>&lt;0.1g</p>\n</div>\n<div class=\"percentage\">\n<p>1%</p>\n</div>\n<p class=\"access\">green</p>\n</li>\n<li class=\"lozenge low sugars\">\n<div class=\"lozengeHeaderSection\">\n<h3 class=\"lozengeTitle\">SUGARS</h3>\n<p>1.9g</p>\n</div>\n<div class=\"percentage\">\n<p>2%</p>\n</div>\n<p class=\"access\">green</p>\n</li>\n<li class=\"lozenge medium salt\">\n<div class=\"lozengeHeaderSection\">\n<h3 class=\"lozengeTitle\">SALT</h3>\n<p>0.56g</p>\n</div>\n<div class=\"percentage\">\n<p>9%</p>\n</div>\n<p class=\"access\">amber</p>\n</li>\n</ul>\n<div class=\"lozengeFooter\">\n<p>% of the Reference Intakes</p>\n<p>Typical Values 100g contains : Energy 897 kJ/212 kcal</p>\n<p>RI= Reference intake of an average adult (8400 kJ/2000 kcal)</p>\n</div>\n</div>\n<div>\n<p>\n<strong>Table of Nutritional Information</strong>\n</p>\n<div class=\"tableWrapper\">\n<table class=\"nutritionTable\">\n<thead>\n<tr class=\"tableTitleRow\">\n<th scope=\"col\">Typical Values</th><th scope=\"col\">100g contains\u00a0</th><th scope=\"col\">per crumpet\u00a0</th><th scope=\"col\">% based on RI for Average Adult</th>\n</tr>\n</thead>\n<tr class=\"tableRow1\">\n<th class=\"rowHeader\" rowspan=\"2\" scope=\"row\">Energy</th><td class=\"tableRow1\">897kJ</td><td class=\"tableRow1\">448kJ</td><td class=\"tableRow1\">-</td>\n</tr>\n<tr class=\"tableRow0\">\n<td class=\"tableRow0\">212kcal</td><td class=\"\">106kcal</td><td class=\"\">5%</td>\n</tr>\n<tr class=\"tableRow1\">\n<th class=\"rowHeader\" scope=\"row\">Fat</th><td class=\"tableRow1\">1.1g</td><td class=\"nutritionLevel1\">0.5g</td><td class=\"nutritionLevel1\">1%</td>\n</tr>\n<tr class=\"tableRow0\">\n<th class=\"rowHeader\" scope=\"row\">Saturates</th><td class=\"tableRow0\">0.2g</td><td class=\"nutritionLevel1\">&lt;0.1g</td><td class=\"nutritionLevel1\">1%</td>\n</tr>\n<tr class=\"tableRow1\">\n<th class=\"rowHeader\" scope=\"row\">Carbohydrate</th><td class=\"tableRow1\">42.6g</td><td class=\"\">21.3g</td><td class=\"\">8%</td>\n</tr>\n<tr class=\"tableRow0\">\n<th class=\"rowHeader\" scope=\"row\">Sugars</th><td class=\"tableRow0\">3.9g</td><td class=\"nutritionLevel1\">1.9g</td><td class=\"nutritionLevel1\">2%</td>\n</tr>\n<tr class=\"tableRow1\">\n<th class=\"rowHeader\" scope=\"row\">Starch</th><td class=\"tableRow1\">38.7g</td><td class=\"\">19.4g</td><td class=\"\">-</td>\n</tr>\n<tr class=\"tableRow0\">\n<th class=\"rowHeader\" scope=\"row\">Fibre</th><td class=\"tableRow0\">2.5g</td><td class=\"\">1.3g</td><td class=\"\">-</td>\n</tr>\n<tr class=\"tableRow1\">\n<th class=\"rowHeader\" scope=\"row\">Protein</th><td class=\"tableRow1\">6.6g</td><td class=\"\">3.3g</td><td class=\"\">7%</td>\n</tr>\n<tr class=\"tableRow0\">\n<th class=\"rowHeader\" scope=\"row\">Salt</th><td class=\"tableRow0\">1.12g</td><td class=\"nutritionLevel2\">0.56g</td><td class=\"nutritionLevel2\">9%</td>\n</tr>\n</table>\n</div>\n<p>Reference intake of an average adult (8400 kJ / 2000 kcal)</p>\n<p>This pack contains 8 servings</p>\n</div>\n</div>", "PricePerMeasureMeasure": "ea", "Description": "<div class=\"productText\">\n<p>8 Crumpets</p>\n<p>\n<p></p>\n</p>\n</div>", "img": "/wcsstore7.30.4.18/ExtendedSitesCatalogAssetStore/images/catalog/productImages/36/0000001162936/0000001162936_L.jpeg", "Ingredients": "<div class=\"productText\">\n<p><p><strong>INGREDIENTS:</strong>Fortified British Wheat Flour (<strong>Wheat</strong> Flour, Calcium Carbonate, Iron, Niacin, Thiamin), Water, Sugar, Yeast, Raising Agents:Disodium Diphosphate, Sodium Hydrogen Carbonate; Spirit Vinegar, Salt, Acidity Regulator:Glucono-Delta-Lactone; Preservative:Potassium Sorbate\u00a0.</p></p>\n<p>With Sweetener</p>\n</div>", "Preparation and Safety": "<div class=\"productText\">\n<p>\n<strong>Cooking instructions: Grill</strong>\n</p>\n<p>Preheat grill. Remove all packaging. Place on grill pan until golden brown. Turn half way through.\nAfter heating: Serve warm. \nDo not reheat once cooled.\nAll cooking appliances vary. This is a guide only.\n\nTo heat on grill\nModerate heat\n3 - 4 mins</p>\n<p>\u00a0</p>\n<p>\n<strong>Cooking instructions: other</strong>\n</p>\n<p>To toast or can be grilled. If freezing at home, defrost thoroughly before heating.\n\nBefore heating: Remove all packaging and place in a toaster until golden brown.\nAfter heating: Serve warm. \nDo not reheat once cooled.\nAll cooking appliances vary. This is a guide only.\n\nTo toast\nModerate heat\n2 - 3 mins</p>\n</div>", "Country of Origin": "<div class=\"productText\">\n<p>Produced in United Kingdom</p>\n</div>", "pricePerUnit": "0.50", "title": "Sainsbury's Crumpets x8", "Storage": "<div class=\"productText\">\n<p>For best before date: see front of pack. Store in a cool, dry place away from strong light. Once opened, store in an airtight container for best quality. </p>\n<p>For best quality, freeze as soon as possible after purchase and always within the best before date. Once frozen consume within 1 month. Once defrosted use the same day. </p>\n</div>", "Packaging": "<div class=\"productText\">\n<p>OPP film</p>\n<p>Virgin Carton board - FSC base</p>\n</div>", "PricePerMeasure": "0.06", "Dietary Information": "<div class=\"productText\">\n<p>Allergy Advice<br/>For allergens, including cereals containing gluten, see ingredients in <strong>bold</strong><br/>Also, not suitable for customers with an allergy to milk or soya due to manufacturing methods</p>\n</div>", "Error": "", "Size": "<div class=\"productText\">\n<p>419g</p>\n</div>", "pricePerUnitUnit": "unit", "Manufacturer": "<div class=\"productText\">\n<p>We are happy to replace this item if it is not satisfactory</p>\n<p>Sainsbury's Supermarkets Ltd.</p>\n<p>33 Holborn, London EC1N 2HT</p>\n<p>Customer services 0800 636262</p>\n</div>"}, {"Nutrition": "<div class=\"productText\">\n<div class=\"nutritionalContentSummary\">\n<h2 class=\"reference\">PER 30G SERVING</h2>\n<ul class=\"lozengeBlock\">\n<li class=\"lozenge energy energy\">\n<div class=\"lozengeHeaderSection\">\n<h3 class=\"lozengeTitle\">ENERGY</h3>\n<p>195kJ</p>\n<p>47kcal</p>\n</div>\n<div class=\"percentage\">\n<p>2%</p>\n</div>\n<p class=\"access\">white</p>\n</li>\n<li class=\"lozenge medium fat\">\n<div class=\"lozengeHeaderSection\">\n<h3 class=\"lozengeTitle\">FAT</h3>\n<p>3.4g</p>\n</div>\n<div class=\"percentage\">\n<p>5%</p>\n</div>\n<p class=\"access\">amber</p>\n</li>\n<li class=\"lozenge high saturates\">\n<div class=\"lozengeHeaderSection\">\n<h3 class=\"lozengeTitle\">SATURATES</h3>\n<p>2.2g</p>\n</div>\n<div class=\"percentage\">\n<p>11%</p>\n</div>\n<p class=\"access\">red</p>\n</li>\n<li class=\"lozenge low sugars\">\n<div class=\"lozengeHeaderSection\">\n<h3 class=\"lozengeTitle\">SUGARS</h3>\n<p>0.9g</p>\n</div>\n<div class=\"percentage\">\n<p>1%</p>\n</div>\n<p class=\"access\">green</p>\n</li>\n<li class=\"lozenge medium salt\">\n<div class=\"lozengeHeaderSection\">\n<h3 class=\"lozengeTitle\">SALT</h3>\n<p>0.17g</p>\n</div>\n<div class=\"percentage\">\n<p>3%</p>\n</div>\n<p class=\"access\">amber</p>\n</li>\n</ul>\n<div class=\"lozengeFooter\">\n<p>% of the Reference Intakes</p>\n<p>Typical Values Per 100g: Energy 651 kJ/156 kcal</p>\n<p>RI= Reference Intakes of an average adult (8400kJ/2000kcal)</p>\n</div>\n</div>\n<div>\n<p>\n<strong>Table of Nutritional Information</strong>\n</p>\n<div class=\"tableWrapper\">\n<table class=\"nutritionTable\">\n<thead>\n<tr class=\"tableTitleRow\">\n<th scope=\"col\">Typical Values</th><th scope=\"col\">Per 100g\u00a0</th><th scope=\"col\">Per 30g serving\u00a0</th><th scope=\"col\">% based on RI for Average Adult</th>\n</tr>\n</thead>\n<tr class=\"tableRow1\">\n<th class=\"rowHeader\" rowspan=\"2\" scope=\"row\">Energy</th><td class=\"tableRow1\">651kJ</td><td class=\"\">195kJ</td><td class=\"\">-</td>\n</tr>\n<tr class=\"tableRow0\">\n<td class=\"tableRow0\">156kcal</td><td class=\"\">47kcal</td><td class=\"\">2%</td>\n</tr>\n<tr class=\"tableRow1\">\n<th class=\"rowHeader\" scope=\"row\">Fat</th><td class=\"tableRow1\">11.2g</td><td class=\"nutritionLevel2\">3.4g</td><td class=\"nutritionLevel2\">5%</td>\n</tr>\n<tr class=\"tableRow0\">\n<th class=\"rowHeader\" scope=\"row\">Saturates</th><td class=\"tableRow0\">7.2g</td><td class=\"nutritionLevel3\">2.2g</td><td class=\"nutritionLevel3\">11%</td>\n</tr>\n<tr class=\"tableRow1\">\n<th class=\"rowHeader\" scope=\"row\">Mono unsaturates</th><td class=\"tableRow1\">2.6g</td><td class=\"tableRow1\">0.8g</td><td class=\"tableRow1\">-</td>\n</tr>\n<tr class=\"tableRow0\">\n<th class=\"rowHeader\" scope=\"row\">Polyunsaturates</th><td class=\"tableRow0\">0.2g</td><td class=\"tableRow0\">&lt;0.1g</td><td class=\"tableRow0\">-</td>\n</tr>\n<tr class=\"tableRow1\">\n<th class=\"rowHeader\" scope=\"row\">Carbohydrate</th><td class=\"tableRow1\">2.9g</td><td class=\"tableRow1\">0.9g</td><td class=\"tableRow1\">-</td>\n</tr>\n<tr class=\"tableRow0\">\n<th class=\"rowHeader\" scope=\"row\">Total Sugars</th><td class=\"tableRow0\">2.9g</td><td class=\"nutritionLevel1\">0.9g</td><td class=\"nutritionLevel1\">1%</td>\n</tr>\n<tr class=\"tableRow1\">\n<th class=\"rowHeader\" scope=\"row\">Fibre</th><td class=\"tableRow1\">&lt;0.5g</td><td class=\"tableRow1\">&lt;0.5g</td><td class=\"tableRow1\">-</td>\n</tr>\n<tr class=\"tableRow0\">\n<th class=\"rowHeader\" scope=\"row\">Protein</th><td class=\"tableRow0\">11.0g</td><td class=\"tableRow0\">3.3g</td><td class=\"tableRow0\">7%</td>\n</tr>\n<tr class=\"tableRow1\">\n<th class=\"rowHeader\" scope=\"row\">Salt</th><td class=\"tableRow1\">0.55g</td><td class=\"nutritionLevel2\">0.17g</td><td class=\"nutritionLevel2\">3%</td>\n</tr>\n</table>\n</div>\n<p>RI= Reference Intakes of an average adult (8400kJ / 2000kcal)</p>\n<p>This pack contains approx 8 servings</p>\n</div>\n</div>", "PricePerMeasureMeasure": "kg", "Description": "<div class=\"productText\">\n<p>Medium fat soft cheese</p>\n<p>\n<p></p>\n</p>\n</div>", "img": "/wcsstore7.30.4.18/ExtendedSitesCatalogAssetStore/images/catalog/productImages/87/0000001810387/0000001810387_L.jpeg", "Ingredients": "<div class=\"productText\">\n<p>Medium Fat Soft Cheese (Cows' <strong>Milk</strong>).<br><br>\u00a0\n\u00a0\n</br></br></p>\n</div>", "Country of Origin": "<div class=\"productText\"><p>Produced in Denmark</p></div>", "pricePerUnit": "1.00", "title": "Sainsbury's Light Soft Cheese 250g", "Storage": "<div class=\"productText\">\n<p>For best before date: see base of pack. Keep refrigerated. Once opened, use \nwithin 3 days.</p>\n</div>", "Packaging": "<div class=\"productText\">\n<p>PP tub</p>\n<p>Aluminium foil lid</p>\n<p>RPET / PET overlid</p>\n</div>", "PricePerMeasure": "4.00", "Dietary Information": "<div class=\"productText\">\n<p>Allergy Advice<br/>For allergens, see ingredients in <strong>bold</strong></p>\n</div>", "Error": "", "Size": "<div class=\"productText\">\n<p>250gram</p>\n</div>", "pricePerUnitUnit": "unit", "Manufacturer": "<div class=\"productText\">\n<p>We are happy to replace this item if it is not satisfactory</p>\n<p>Sainsbury's Supermarkets Ltd.</p>\n<p>33 Holborn, London EC1N 2HT</p>\n<p>Customer services 0800 636262</p>\n</div>"}, {"Nutrition": "<div class=\"itemTypeGroupContainer productText\" style=\"page-break-inside : avoid\">\n<div class=\"itemTypeGroup\">\n<div class=\"textualNutrition\">\n<h3>Nutrition</h3>\n<div class=\"nutritionalContentSummary\">\n<ul class=\"lozengeBlock\">\n<li class=\"lozenge energy energy\">\n<div class=\"lozengeHeaderSection\">\n<h3 class=\"lozengeTitle\">ENERGY</h3>\n<p>984kJ</p>\n<p>232kcal</p>\n</div>\n<div class=\"percentage\">\n<p>12%</p>\n</div>\n<p class=\"access\">energy</p>\n</li>\n<li class=\"lozenge low fat\">\n<div class=\"lozengeHeaderSection\">\n<h3 class=\"lozengeTitle\">FAT</h3>\n<p>1.1g</p>\n</div>\n<div class=\"percentage\">\n<p>2%</p>\n</div>\n<p class=\"access\">Low</p>\n</li>\n<li class=\"lozenge low saturates\">\n<div class=\"lozengeHeaderSection\">\n<h3 class=\"lozengeTitle\">SATURATES</h3>\n<p>0.2g</p>\n</div>\n<div class=\"percentage\">\n<p>1%</p>\n</div>\n<p class=\"access\">Low</p>\n</li>\n<li class=\"lozenge medium sugars\">\n<div class=\"lozengeHeaderSection\">\n<h3 class=\"lozengeTitle\">SUGARS</h3>\n<p>5.1g</p>\n</div>\n<div class=\"percentage\">\n<p>6%</p>\n</div>\n<p class=\"access\">Medium</p>\n</li>\n<li class=\"lozenge medium salt\">\n<div class=\"lozengeHeaderSection\">\n<h3 class=\"lozengeTitle\">SALT</h3>\n<p>0.7g</p>\n</div>\n<div class=\"percentage\">\n<p>12%</p>\n</div>\n<p class=\"access\">Medium</p>\n</li>\n</ul>\n<div class=\"lozengeFooter\">\n<p>of an adult's reference intake</p>\n<p>Typical values per 100g: Energy 1093kJ / 258kcal</p>\n<p>Reference intake of an average adult (8400 kJ/2000 kcal)</p>\n</div>\n</div>\n<p>\n<strong>Table of Nutritional Information</strong>\n</p>\n<div class=\"tableWrapper\" xmlns:asp=\"remove\">\n<table class=\"nutritionTable\">\n<thead>\n<tr>\n<th scope=\"col\"></th><th scope=\"col\">Per 100g</th><th scope=\"col\">Per bagel</th>\n</tr>\n</thead>\n<tbody>\n<tr>\n<th class=\"rowHeader\" scope=\"row\">Energy </th><td>1093kJ</td><td>984kJ</td>\n</tr>\n<tr>\n<th class=\"rowHeader\" scope=\"row\">Energy </th><td>258kcal</td><td>232kcal</td>\n</tr>\n<tr>\n<th class=\"rowHeader\" scope=\"row\">Fat </th><td>1.2g</td><td>1.1g</td>\n</tr>\n<tr>\n<th scope=\"row\">(of which saturates)</th><td>0.2g</td><td>0.2g</td>\n</tr>\n<tr>\n<th class=\"rowHeader\" scope=\"row\">Carbohydrate </th><td>50.1g</td><td>45.1g</td>\n</tr>\n<tr>\n<th scope=\"row\">(of which sugars)</th><td>5.6g</td><td>5.1g</td>\n</tr>\n<tr>\n<th class=\"rowHeader\" scope=\"row\">Fibre </th><td>3.1g</td><td>2.8g</td>\n</tr>\n<tr>\n<th class=\"rowHeader\" scope=\"row\">Protein </th><td>10.1g</td><td>9.1g</td>\n</tr>\n<tr>\n<th class=\"rowHeader\" scope=\"row\">Salt</th><td>0.8g</td><td>0.7g</td>\n</tr>\n<tr>\n<th colspan=\"3\" scope=\"row\">1 serving = 1 bagel (90g)</th>\n</tr>\n</tbody>\n</table>\n</div>\n<div class=\"nameTextLookups\"></div>\n</div>\n</div>\n</div>", "PricePerMeasureMeasure": "ea", "Description": "<div class=\"itemTypeGroupContainer productText\" style=\"page-break-inside : avoid\">\n<h3>Description</h3>\n<div class=\"memo\">\n<p>5 Plain Bagels</p>\n</div>\n<div class=\"longTextItems\">\n<p>Authentic New York style</p>\n<p>Low in fat</p>\n<p>Soft &amp; chewy for an authentic NY taste</p>\n<p>Free from artificial colours &amp; flavours</p>\n<p>Suitable for vegetarians</p>\n</div>\n<div class=\"itemTypeGroup\">\n<div class=\"memo\">\n<p>Made with superior ingredients &amp; stone baked. Inspired by what we've found in the bakeries &amp; delis of New York.</p>\n</div>\n<div class=\"memo\">\n<p>See below for inspiration across the range<br>Perfect for breakfast<br>Sweet Breakfast - The Original Bagel, toasted and topped with cream cheese, blueberries &amp; honey<br>\n<br>Great choice for Lunch<br>Lunch Favourite - Wholemeal Bagel topped with crushed avocado, crumbled feta and flecks of chilli<br>\n<br>Great for speedy snacking!<br>Sweet Treat - Cinnamon &amp; Raisin Bagel with sliced banana and a light sprinkle of cinnamon</br></br></br></br></br></br></br></br></p>\n</div>\n<div class=\"memo\">\n<p>For all the latest news and recipe ideas join our Facebook community at www.facebook.com/newyorkbakery</p>\n</div>\n</div>\n</div>", "img": "/wcsstore7.30.4.18/ExtendedSitesCatalogAssetStore/images/catalog/productImages/13/5020364010113/5020364010113_L.jpeg", "Ingredients": "<div class=\"itemTypeGroupContainer productText\" style=\"page-break-inside : avoid\">\n<div class=\"itemTypeGroup\">\n<div class=\"longTextItems\">\n<h3 class=\"itemHeader\">Ingredients</h3>\n<ul class=\"productIngredients\">\n<li><span style=\"font-weight: bold;\">Wheat</span> Flour (<span style=\"font-weight: bold;\">Wheat</span> Flour, Calcium Carbonate, Iron, Niacin, Thiamin), </li>\n<li>Water, </li>\n<li>Sugar, </li>\n<li>Yeast, </li>\n<li>Maize, </li>\n<li>Salt, </li>\n<li>Rapeseed Oil, </li>\n<li>Spirit Vinegar, </li>\n<li>Preservative (Calcium Propionate), </li>\n<li>Malted <span style=\"font-weight: bold;\">Barley</span> Flour, </li>\n<li>Flour Treatment Agent (Ascorbic Acid)</li>\n</ul>\n</div>\n</div>\n</div>", "Country of Origin": "<div class=\"itemTypeGroupContainer productText\" style=\"page-break-inside : avoid\">\n<h3 class=\"printOnlyBlock partHead\">Country of Origin</h3>\n<div class=\"itemTypeGroup\">\n<div class=\"nameLookups\">\n<p>Country of origin: United Kingdom</p>\n</div>\n<div class=\"nameTextItems\">\n<p>Made in the UK</p>\n</div>\n</div>\n</div>", "pricePerUnit": "1.60", "title": "New York Bakery Co. Bagels, Plain x5", "Storage": "<div class=\"itemTypeGroupContainer productText\" style=\"page-break-inside : avoid\">\n<h3 class=\"printOnlyBlock partHead\">Storage</h3>\n<div class=\"itemTypeGroup\">\n<div class=\"memo\">\n<p>Store in a cool dry place. Suitable for freezing. Freeze on a day of purchase &amp; use within one month. Defrost thoroughly before use.<br>For Best Before Date: See Bag Closure</br></p>\n</div>\n<p class=\"statements\">\n<p>Suitable for Home Freezing</p>\n</p>\n</div>\n</div>", "Packaging": "<div class=\"itemTypeGroupContainer productText\" style=\"page-break-inside : avoid\">\n<h3 class=\"printOnlyBlock partHead\">Packaging</h3>\n<div class=\"itemTypeGroup\">\n<div class=\"nameLookups\">\n<p>Bag - Plastic</p>\n</div>\n</div>\n</div>", "PricePerMeasure": "0.32", "Dietary Information": "<div class=\"itemTypeGroupContainer productText\" style=\"page-break-inside : avoid\">\n<h3>Dietary Information</h3>\n<div class=\"itemTypeGroup\">\n<p class=\"statements\">\n<p>Low Fat</p>\n<p>Suitable for Vegetarians</p>\n</p>\n<div class=\"memo\">\n<p>For allergens, including Cereals containing Gluten, see ingredients in <span style=\"font-weight: bold;\">bold</span></p>\n</div>\n<div class=\"nameLookups\">\n<p>Contains Barley</p>\n<p>May Contain Sesame</p>\n<p>Contains Wheat</p>\n</div>\n<div class=\"nameLookups\">\n<p>Free From Artificial Colours</p>\n<p>Free From Artificial Flavours</p>\n</div>\n</div>\n</div>", "Error": "", "pricePerUnitUnit": "unit", "Manufacturer": "<div class=\"itemTypeGroupContainer productText\" style=\"page-break-inside : avoid\">\n<h3 class=\"printOnlyBlock partHead\">Manufacturer</h3>\n<div class=\"itemTypeGroup\">\n<div class=\"memo\">\n<p>New York Bakery Co Ltd,<br>Swinton Meadows Industrial Estate,<br>Rotherham,<br>S64 8AB.</br></br></br></p>\n</div>\n</div>\n</div>"}, {"Preparation": "<div class=\"itemTypeGroupContainer productText\" style=\"page-break-inside : avoid\">\n<h3 class=\"printOnlyBlock partHead\">Preparation</h3>\n<div class=\"itemTypeGroup\">\n<div class=\"memo\">\n<p>Serving Suggestions<br>Simply toast or place under a preheated medium/hot grill for 3-4 minutes, turning once. Serve hot with butter/low fat spread, your favourite preserve or why not try cheese or a scrambled/poached egg!</br></p>\n</div>\n</div>\n</div>", "Nutrition": "<div class=\"itemTypeGroupContainer productText\" style=\"page-break-inside : avoid\">\n<div class=\"itemTypeGroup\">\n<div class=\"textualNutrition\">\n<h3>Nutrition</h3>\n<div class=\"nutritionalContentSummary\">\n<ul class=\"lozengeBlock\">\n<li class=\"lozenge energy energy\">\n<div class=\"lozengeHeaderSection\">\n<h3 class=\"lozengeTitle\">ENERGY</h3>\n<p>406kJ</p>\n<p>97kcal</p>\n</div>\n<div class=\"percentage\">\n<p>5%</p>\n</div>\n<p class=\"access\">energy</p>\n</li>\n<li class=\"lozenge low fat\">\n<div class=\"lozengeHeaderSection\">\n<h3 class=\"lozengeTitle\">FAT</h3>\n<p>0.4g</p>\n</div>\n<div class=\"percentage\">\n<p>1%</p>\n</div>\n<p class=\"access\">Low</p>\n</li>\n<li class=\"lozenge low saturates\">\n<div class=\"lozengeHeaderSection\">\n<h3 class=\"lozengeTitle\">SATURATES</h3>\n<p>0.1g</p>\n</div>\n<div class=\"percentage\">\n<p>1%</p>\n</div>\n<p class=\"access\">Low</p>\n</li>\n<li class=\"lozenge low sugars\">\n<div class=\"lozengeHeaderSection\">\n<h3 class=\"lozengeTitle\">SUGARS</h3>\n<p>1.1g</p>\n</div>\n<div class=\"percentage\">\n<p>1%</p>\n</div>\n<p class=\"access\">Low</p>\n</li>\n<li class=\"lozenge medium salt\">\n<div class=\"lozengeHeaderSection\">\n<h3 class=\"lozengeTitle\">SALT</h3>\n<p>0.81g</p>\n</div>\n<div class=\"percentage\">\n<p>14%</p>\n</div>\n<p class=\"access\">Medium</p>\n</li>\n</ul>\n<div class=\"lozengeFooter\">\n<p>of your reference intake</p>\n<p>Typical values per 100g: Energy 739kJ/176kcal</p>\n</div>\n</div>\n<p>\n<strong>Table of Nutritional Information</strong>\n</p>\n<div class=\"tableWrapper\" xmlns:asp=\"remove\">\n<table class=\"nutritionTable\">\n<thead>\n<tr>\n<th scope=\"col\"></th><th scope=\"col\">Per 100g of product</th><th scope=\"col\">Per average crumpet (55g)</th><th scope=\"col\">Reference Intake (Adult)</th>\n</tr>\n</thead>\n<tbody>\n<tr>\n<th class=\"rowHeader\" rowspan=\"2\" scope=\"row\">Energy </th><td>739kJ</td><td>406kJ</td><td>8400kJ</td>\n</tr>\n<tr>\n<td>176kcal</td><td>97kcal</td><td>2000kcal</td>\n</tr>\n<tr>\n<th class=\"rowHeader\" scope=\"row\">Fat </th><td>0.8g</td><td>0.4g</td><td>70g</td>\n</tr>\n<tr>\n<th scope=\"row\"> of which saturates </th><td>0.2g</td><td>0.1g</td><td>20g</td>\n</tr>\n<tr>\n<th class=\"rowHeader\" scope=\"row\">Carbohydrate </th><td>35.3g</td><td>19.4g</td><td>260g</td>\n</tr>\n<tr>\n<th scope=\"row\"> of which sugars </th><td>2.0g</td><td>1.1g</td><td>90g</td>\n</tr>\n<tr>\n<th class=\"rowHeader\" scope=\"row\">Fibre </th><td>1.9g</td><td>1.0g</td><td>-</td>\n</tr>\n<tr>\n<th class=\"rowHeader\" scope=\"row\">Protein </th><td>6.0g</td><td>3.3g</td><td>50g</td>\n</tr>\n<tr>\n<th class=\"rowHeader\" scope=\"row\">Salt </th><td>1.48g</td><td>0.81g</td><td>6g</td>\n</tr>\n</tbody>\n</table>\n</div>\n<div class=\"nameTextLookups\"></div>\n</div>\n</div>\n</div>", "PricePerMeasureMeasure": "ea", "Description": "<div class=\"itemTypeGroupContainer productText\" style=\"page-break-inside : avoid\">\n<h3>Description</h3>\n<div class=\"memo\">\n<p>6 crumpets</p>\n</div>\n<div class=\"longTextItems\">\n<p>Deliciously fluffy</p>\n<p>Vegetarian Society approved</p>\n<p>Halal - HFA approved</p>\n<p>Kosher - KLBD</p>\n</div>\n<div class=\"itemTypeGroup\">\n<div class=\"memo\">\n<p>\"We make sure our crumpets are always thick &amp; deliciously fluffy and hold just enough butter.\"</p>\n</div>\n<div class=\"memo\">\n<p>The UK's Number 1 Crumpet brand.*<br>*Total Coverage, Value Sales, 52 w/e 04.11.17, The Nielsen Company</br></p>\n</div>\n<div class=\"memo\">\n<p>Follow us on:<br>Facebook and Twitter<br>For our latest news and competitions</br></br></p>\n</div>\n<div class=\"memo\">\n<p>Packaged in a protective atmosphere.</p>\n</div>\n<p class=\"statements\">\n<p>Vegetarian Society Approved</p>\n</p>\n</div>\n</div>", "img": "/wcsstore7.30.4.18/ExtendedSitesCatalogAssetStore/images/catalog/productImages/01/5010044000701/5010044000701_L.jpeg", "Ingredients": "<div class=\"itemTypeGroupContainer productText\" style=\"page-break-inside : avoid\">\n<div class=\"itemTypeGroup\">\n<div class=\"longTextItems\">\n<h3 class=\"itemHeader\">Ingredients</h3>\n<ul class=\"productIngredients\">\n<li><span style=\"font-weight: bold;\">Wheat</span> Flour [with Calcium, Iron, Niacin (B3) and Thiamin (B1)], </li>\n<li>Water, </li>\n<li>Yeast, </li>\n<li>Raising Agents: E450, E500, </li>\n<li>Salt, </li>\n<li>Sugar, </li>\n<li>Preservative: Calcium Propionate</li>\n</ul>\n</div>\n</div>\n</div>", "Storage": "<div class=\"itemTypeGroupContainer productText\" style=\"page-break-inside : avoid\">\n<h3 class=\"printOnlyBlock partHead\">Storage</h3>\n<div class=\"itemTypeGroup\">\n<div class=\"memo\">\n<p>Store in a cool dry place, ideally not refrigerated. Under warm conditions storage life will be reduced. If freezing, freeze on day of purchase.<br>Once opened use within 2 days.<br>For 'Best Before' date see film.</br></br></p>\n</div>\n<p class=\"statements\">\n<p>Suitable for Home Freezing</p>\n</p>\n</div>\n</div>", "pricePerUnit": "0.90", "title": "Warburtons Crumpets x6", "pricePerUnitUnit": "unit", "Packaging": "<div class=\"itemTypeGroupContainer productText\" style=\"page-break-inside : avoid\">\n<h3 class=\"printOnlyBlock partHead\">Packaging</h3>\n<div class=\"itemTypeGroup\">\n<div class=\"nameLookups\">\n<p>Heat Sealed</p>\n</div>\n</div>\n</div>", "PricePerMeasure": "0.15", "Dietary Information": "<div class=\"itemTypeGroupContainer productText\" style=\"page-break-inside : avoid\">\n<h3>Dietary Information</h3>\n<div class=\"itemTypeGroup\">\n<p class=\"statements\">\n<p>Halal</p>\n<p>Kosher</p>\n<p>Suitable for Vegetarians</p>\n</p>\n<div class=\"memo\">\n<p>For allergens, including Cereals containing Gluten, see ingredients in <span style=\"font-weight: bold;\">bold</span></p>\n</div>\n<div class=\"nameLookups\">\n<p>Contains Wheat</p>\n</div>\n</div>\n</div>", "Error": "", "Manufacturer": "<div class=\"itemTypeGroupContainer productText\" style=\"page-break-inside : avoid\">\n<h3 class=\"printOnlyBlock partHead\">Manufacturer</h3>\n<div class=\"itemTypeGroup\">\n<div class=\"memo\">\n<p>Warburtons Limited,<br>Hereford Street,<br>Bolton,<br>BL1 8JB.</br></br></br></p>\n</div>\n</div>\n</div>"}, {"Nutrition": "<div class=\"productText\">\n<div class=\"nutritionalContentSummary\">\n<h2 class=\"reference\">Per burger Typical Values\n(cooked as per instructions)</h2>\n<ul class=\"lozengeBlock\">\n<li class=\"lozenge energy energy\">\n<div class=\"lozengeHeaderSection\">\n<h3 class=\"lozengeTitle\">ENERGY</h3>\n<p>866kJ</p>\n<p>208kcal</p>\n</div>\n<div class=\"percentage\">\n<p>10%</p>\n</div>\n<p class=\"access\">white</p>\n</li>\n<li class=\"lozenge high fat\">\n<div class=\"lozengeHeaderSection\">\n<h3 class=\"lozengeTitle\">FAT</h3>\n<p>15.0g</p>\n</div>\n<div class=\"percentage\">\n<p>21%</p>\n</div>\n<p class=\"access\">red</p>\n</li>\n<li class=\"lozenge high saturates\">\n<div class=\"lozengeHeaderSection\">\n<h3 class=\"lozengeTitle\">SATURATES</h3>\n<p>6.3g</p>\n</div>\n<div class=\"percentage\">\n<p>32%</p>\n</div>\n<p class=\"access\">red</p>\n</li>\n<li class=\"lozenge low sugars\">\n<div class=\"lozengeHeaderSection\">\n<h3 class=\"lozengeTitle\">SUGARS</h3>\n<p>&lt;0.5g</p>\n</div>\n<div class=\"percentage\">\n<p>&lt;1%</p>\n</div>\n<p class=\"access\">green</p>\n</li>\n<li class=\"lozenge medium salt\">\n<div class=\"lozengeHeaderSection\">\n<h3 class=\"lozengeTitle\">SALT</h3>\n<p>0.59g</p>\n</div>\n<div class=\"percentage\">\n<p>10%</p>\n</div>\n<p class=\"access\">amber</p>\n</li>\n</ul>\n<div class=\"lozengeFooter\">\n<p>% of the Reference Intakes</p>\n<p>Typical Values\n(cooked as per instructions) Per 100g : Energy 1250 kJ/301 kcal</p>\n<p>RI= Reference intake of an average adult (8400 kJ/2000 kcal)</p>\n</div>\n</div>\n<div>\n<p>\n<strong>Table of Nutritional Information</strong>\n</p>\n<div class=\"tableWrapper\">\n<table class=\"nutritionTable\">\n<thead>\n<tr class=\"tableTitleRow\">\n<th scope=\"col\">Typical Values\n(cooked as per instructions)</th><th scope=\"col\">Per 100g\u00a0</th><th scope=\"col\">Per burger\u00a0</th><th scope=\"col\">% based on RI for Average Adult</th>\n</tr>\n</thead>\n<tr class=\"tableRow1\">\n<th class=\"rowHeader\" rowspan=\"2\" scope=\"row\">Energy</th><td class=\"tableRow1\">1250kJ</td><td class=\"tableRow1\">866kJ</td><td class=\"tableRow1\">-</td>\n</tr>\n<tr class=\"tableRow0\">\n<td class=\"tableRow0\">301kcal</td><td class=\"\">208kcal</td><td class=\"\">10%</td>\n</tr>\n<tr class=\"tableRow1\">\n<th class=\"rowHeader\" scope=\"row\">Fat</th><td class=\"tableRow1\">21.6g</td><td class=\"nutritionLevel3\">15.0g</td><td class=\"nutritionLevel3\">21%</td>\n</tr>\n<tr class=\"tableRow0\">\n<th class=\"rowHeader\" scope=\"row\">Saturates</th><td class=\"tableRow0\">9.0g</td><td class=\"nutritionLevel3\">6.3g</td><td class=\"nutritionLevel3\">32%</td>\n</tr>\n<tr class=\"tableRow1\">\n<th class=\"rowHeader\" scope=\"row\">Mono-unsaturates</th><td class=\"tableRow1\">10.3g</td><td class=\"\">7.1g</td><td class=\"\">-</td>\n</tr>\n<tr class=\"tableRow0\">\n<th class=\"rowHeader\" scope=\"row\">Polyunsaturates</th><td class=\"tableRow0\">0.7g</td><td class=\"\">0.5g</td><td class=\"\">-</td>\n</tr>\n<tr class=\"tableRow1\">\n<th class=\"rowHeader\" scope=\"row\">Carbohydrate</th><td class=\"tableRow1\">&lt;0.5g</td><td class=\"\">&lt;0.5g</td><td class=\"\">-</td>\n</tr>\n<tr class=\"tableRow0\">\n<th class=\"rowHeader\" scope=\"row\">Sugars</th><td class=\"tableRow0\">&lt;0.5g</td><td class=\"nutritionLevel1\">&lt;0.5g</td><td class=\"nutritionLevel1\">-</td>\n</tr>\n<tr class=\"tableRow1\">\n<th class=\"rowHeader\" scope=\"row\">Fibre</th><td class=\"tableRow1\">&lt;0.5g</td><td class=\"\">&lt;0.5g</td><td class=\"\">-</td>\n</tr>\n<tr class=\"tableRow0\">\n<th class=\"rowHeader\" scope=\"row\">Protein</th><td class=\"tableRow0\">25.8g</td><td class=\"\">17.9g</td><td class=\"\">36%</td>\n</tr>\n<tr class=\"tableRow1\">\n<th class=\"rowHeader\" scope=\"row\">Salt</th><td class=\"tableRow1\">0.85g</td><td class=\"nutritionLevel2\">0.59g</td><td class=\"nutritionLevel2\">10%</td>\n</tr>\n</table>\n</div>\n<p>Reference intake of an average adult (8400 kJ / 2000 kcal)</p>\n<p>This pack contains 4 servings</p>\n</div>\n</div>", "PricePerMeasureMeasure": "kg", "Description": "<div class=\"productText\">\n<p>4 TTD British Aberdeen Angus Beef Burger Quarter Pounders with Seasoning</p>\n<p>\n            \u00a0\n            </p>\n<p>\n<p>We use selected cuts of British Aberdeen Angus beef from cattle bred from pedigree bulls, simply seasoned with a little sea salt, black pepper and whole grain mustard\u00a0</p>\n<p></p>\n</p>\n</div>", "img": "/wcsstore7.30.4.18/ExtendedSitesCatalogAssetStore/images/catalog/productImages/39/0000001573039/0000001573039_L.jpeg", "Ingredients": "<div class=\"productText\">\n<p><p>British Aberdeen Angus Beef (98%), Whole Grain Mustard (Water, <strong>Mustard</strong> Seed, Spirit Vinegar, Salt, White Wine Vinegar, Sugar, Spices (Curry Leaf (Citric Acid, Coriander, Fenugreek, Turmeric, Fennel, Cayenne Pepper), Cinnamon)), Sea Salt, Cracked Black Pepper.</p></p>\n</div>", "Preparation and Safety": "<div class=\"productText\">\n<p>\n<strong>Cooking instructions: Grill</strong>\n</p>\n<p>To grill from frozen.\nBefore cooking: Preheat grill. \nRemove all packaging and place on grill pan.\nDuring cooking: Turn occasionally.\nAfter Cooking. Check food is piping hot, all juices run clear and no pink colour remains. \n\nThis is a guide only All cooking appliances vary\n\n\nSafety: Keep raw meat separate from cooked foods. Use separate kitchen utensils and surfaces for raw meat and cooked foods or wash them thoroughly between use. Wash hands after handling raw meat. This product should be cooked throughout until piping hot, all juices run clear and no pink colour remains.\n\n\nTo cook on grill\nmoderate heat\n20 mins</p>\n<p>\u00a0</p>\n<p>\n<strong>Cooking instructions: ShallowFry</strong>\n</p>\n<p>To shallow fry.\nBefore cooking: Heat 10ml oil in a frying pan. Remove all packaging. Once oil is hot add the burgers.\nDuring cooking: Turn frequently. \nAfter Cooking. Check food is piping hot, all juices run clear and no pink colour remains. \nThis is a guide only All cooking appliances vary\n \nSafety: Keep raw meat separate from cooked foods. Use separate kitchen utensils and surfaces for raw meat and cooked foods or wash them thoroughly between use. Wash hands after handling raw meat. This product should be cooked throughout until piping hot, all juices run clear and no pink colour remains.\n\n\nTo shallow fry\nModerate heat\n16 mins</p>\n<p>\u00a0</p>\n<p>\n<strong>Cooking instructions: other</strong>\n</p>\n<p>After Cooking. Check food is piping hot, all juices run clear and no pink colour remains. \nThis is a guide only All cooking appliances vary\n \nSafety: Keep raw meat separate from cooked foods. Use separate kitchen utensils and surfaces for raw meat and cooked foods or wash them thoroughly between use. Wash hands after handling raw meat. This product should be cooked throughout until piping hot, all juices run clear and no pink colour remains.</p>\n<p>\n<strong>Warnings:</strong>\n</p>\n<p>Safety: Ensure product is cooked thoroughly until all juices run clear and there is no pink colour remains.</p>\n</div>", "Country of Origin": "<div class=\"productText\">\n<p>Produced in United Kingdom</p>\n<p>Produced using British Beef</p>\n</div>", "pricePerUnit": "2.25", "title": "Sainsbury's Aberdeen Angus Quarter Pounders, Taste the Difference x4 454g", "Storage": "<div class=\"productText\">\n<p>Best Before End: see ide of pack Keep frozen. Food freezer Until best before date (at -18\u00b0C) Star marked frozen food compartment {3 Stars} Until best before date (at -18\u00b0C) {2 Stars} 1 month (at -12\u00b0C) {1 Star} 1 week (at -6\u00b0C) Ice making compartment 3 days (at -6\u00b0C) </p>\n</div>", "Packaging": "<div class=\"productText\">\n<p>RPET / PET flow wrap</p>\n<p>Carton board carton</p>\n<p>RPET / PET flow wrap</p>\n</div>", "PricePerMeasure": "4.96", "Health": "<div class=\"productText\">\n<p>Safety: Ensure product is cooked thoroughly until all juices run clear and there is no raw meat inside.</p>\n</div>", "Dietary Information": "<div class=\"productText\">\n<p>Allergy Advice<br/>For allergens, see ingredients in <strong>bold</strong></p>\n</div>", "Error": "", "Size": "<div class=\"productText\">\n<p>454gram e</p>\n</div>", "pricePerUnitUnit": "unit", "Manufacturer": "<div class=\"productText\">\n<p>We are happy to replace this item if it is not satisfactory</p>\n<p>Sainsbury's Supermarkets Ltd.</p>\n<p>33 Holborn, London EC1N 2HT</p>\n<p>Customer services 0800 636262</p>\n</div>"}, {"Nutrition": "<div class=\"productText\">\n<div class=\"nutritionalContentSummary\">\n<h2 class=\"reference\">Per slice Typical Values</h2>\n<ul class=\"lozengeBlock\">\n<li class=\"lozenge energy energy\">\n<div class=\"lozengeHeaderSection\">\n<h3 class=\"lozengeTitle\">ENERGY</h3>\n<p>1140kJ</p>\n<p>272kcal</p>\n</div>\n<div class=\"percentage\">\n<p>14%</p>\n</div>\n<p class=\"access\">white</p>\n</li>\n<li class=\"lozenge high fat\">\n<div class=\"lozengeHeaderSection\">\n<h3 class=\"lozengeTitle\">FAT</h3>\n<p>12.0g</p>\n</div>\n<div class=\"percentage\">\n<p>17%</p>\n</div>\n<p class=\"access\">red</p>\n</li>\n<li class=\"lozenge high saturates\">\n<div class=\"lozengeHeaderSection\">\n<h3 class=\"lozengeTitle\">SATURATES</h3>\n<p>4.6g</p>\n</div>\n<div class=\"percentage\">\n<p>23%</p>\n</div>\n<p class=\"access\">red</p>\n</li>\n<li class=\"lozenge high sugars\">\n<div class=\"lozengeHeaderSection\">\n<h3 class=\"lozengeTitle\">SUGARS</h3>\n<p>27.9g</p>\n</div>\n<div class=\"percentage\">\n<p>31%</p>\n</div>\n<p class=\"access\">red</p>\n</li>\n<li class=\"lozenge medium salt\">\n<div class=\"lozengeHeaderSection\">\n<h3 class=\"lozengeTitle\">SALT</h3>\n<p>0.33g</p>\n</div>\n<div class=\"percentage\">\n<p>6%</p>\n</div>\n<p class=\"access\">amber</p>\n</li>\n</ul>\n<div class=\"lozengeFooter\">\n<p>% of the Reference Intakes</p>\n<p>Typical Values Per 100g : Energy 1781 kJ/425 kcal</p>\n<p>RI= Reference intake of an average adult (8400 kJ/2000 kcal)</p>\n</div>\n</div>\n<div>\n<p>\n<strong>Table of Nutritional Information</strong>\n</p>\n<div class=\"tableWrapper\">\n<table class=\"nutritionTable\">\n<thead>\n<tr class=\"tableTitleRow\">\n<th scope=\"col\">Typical Values</th><th scope=\"col\">Per 100g\u00a0</th><th scope=\"col\">Per slice\u00a0</th><th scope=\"col\">% based on RI for Average Adult</th>\n</tr>\n</thead>\n<tr class=\"tableRow1\">\n<th class=\"rowHeader\" rowspan=\"2\" scope=\"row\">Energy</th><td class=\"tableRow1\">1781kJ</td><td class=\"tableRow1\">1140kJ</td><td class=\"tableRow1\">-</td>\n</tr>\n<tr class=\"tableRow0\">\n<td class=\"tableRow0\">425kcal</td><td class=\"\">272kcal</td><td class=\"\">14%</td>\n</tr>\n<tr class=\"tableRow1\">\n<th class=\"rowHeader\" scope=\"row\">Fat</th><td class=\"tableRow1\">18.7g</td><td class=\"nutritionLevel3\">12.0g</td><td class=\"nutritionLevel3\">17%</td>\n</tr>\n<tr class=\"tableRow0\">\n<th class=\"rowHeader\" scope=\"row\">Saturates</th><td class=\"tableRow0\">7.2g</td><td class=\"nutritionLevel3\">4.6g</td><td class=\"nutritionLevel3\">23%</td>\n</tr>\n<tr class=\"tableRow1\">\n<th class=\"rowHeader\" scope=\"row\">Mono-unsaturates</th><td class=\"tableRow1\">7.5g</td><td class=\"\">4.8g</td><td class=\"\">-</td>\n</tr>\n<tr class=\"tableRow0\">\n<th class=\"rowHeader\" scope=\"row\">Polyunsaturates</th><td class=\"tableRow0\">2.6g</td><td class=\"\">1.7g</td><td class=\"\">-</td>\n</tr>\n<tr class=\"tableRow1\">\n<th class=\"rowHeader\" scope=\"row\">Carbohydrate</th><td class=\"tableRow1\">60.7g</td><td class=\"\">38.8g</td><td class=\"\">15%</td>\n</tr>\n<tr class=\"tableRow0\">\n<th class=\"rowHeader\" scope=\"row\">Sugars</th><td class=\"tableRow0\">43.6g</td><td class=\"nutritionLevel3\">27.9g</td><td class=\"nutritionLevel3\">31%</td>\n</tr>\n<tr class=\"tableRow1\">\n<th class=\"rowHeader\" scope=\"row\">Starch</th><td class=\"tableRow1\">17.1g</td><td class=\"\">10.9g</td><td class=\"\">-</td>\n</tr>\n<tr class=\"tableRow0\">\n<th class=\"rowHeader\" scope=\"row\">Fibre</th><td class=\"tableRow0\">0.6g</td><td class=\"\">&lt;0.5g</td><td class=\"\">-</td>\n</tr>\n<tr class=\"tableRow1\">\n<th class=\"rowHeader\" scope=\"row\">Protein</th><td class=\"tableRow1\">3.1g</td><td class=\"\">2.0g</td><td class=\"\">4%</td>\n</tr>\n<tr class=\"tableRow0\">\n<th class=\"rowHeader\" scope=\"row\">Salt</th><td class=\"tableRow0\">0.51g</td><td class=\"nutritionLevel2\">0.33g</td><td class=\"nutritionLevel2\">6%</td>\n</tr>\n</table>\n</div>\n<p>Reference intake of an average adult (8400 kJ / 2000 kcal)</p>\n<p>This pack contains 10 servings</p>\n</div>\n</div>", "PricePerMeasureMeasure": "100g", "Description": "<div class=\"productText\">\n<p>Plain flavoured sponge, raspberry flavoured sponge sandwiched with raspberry Jam, covered in white chocolate buttercream, topped with milk chocolate and piped with raspberry jam decoration.</p>\n<p>\n            \u00a0\n            </p>\n<p>\n<p>Ttd story - Our lavish hand-decorated cake is covered in white chocolate buttercream, filled with raspberry jam bulbs and chocolate plaques. We are passionate about great tasting food, which is why this Taste the Difference product has been taste tested by a panel of customers, to ensure that we continue to offer you the very best on quality and flavour.</p>\n</p>\n</div>", "img": "/wcsstore7.30.4.18/ExtendedSitesCatalogAssetStore/images/catalog/productImages/94/0000000293594/0000000293594_L.jpeg", "Ingredients": "<div class=\"productText\">\n<p><p><strong>INGREDIENTS: </strong>White Chocolate Buttercream (36%) (Sugar, Butter (Cows' <strong>Milk</strong>), White Chocolate (10%) (Sugar, Cocoa Butter, Whole Cows' <strong>Milk</strong> Powder, Skimmed Cows' <strong>Milk</strong> Powder, Emulsifier: <strong>Soya</strong> lecithin; Flavouring), Dried Glucose Syrup, Humectant: Vegetable Glycerine; Emulsifier: Mono- and Diglycerides of Fatty Acids; Salt), Raspberry Jam (16%) (Raspberries, Glucose-Fructose Syrup, Sugar, Raspberry Concentrate, Gelling Agent: Pectin; Acidity Regulators: Citric Acid, Sodium Citrate; Colour: Anthocyanins; Flavouring, Preservative: Potassium Sorbate), Sugar, Fortified Wheat Flour (<strong>Wheat</strong> Flour, Calcium Carbonate, Iron, Niacin, Thiamin), Pasteurised Free Range <strong>Egg</strong>, Rapeseed Oil, Cows' <strong>Milk</strong>, Humectant: Vegetable Glycerine; Butter (Cows' <strong>Milk</strong>),\u00a0Raising Agents: Disodium Diphosphate, Sodium Hydrogen Carbonate, Dried Glucose Syrup, Cocoa Butter, Emulsifiers: Mono- and Diglycerides of Fatty Acids, <strong>Soya</strong> lecithin; Cocoa Mass, Flavouring, Salt, Cows' <strong>Milk</strong> Powder, Colours: Carmine, Beetroot Red, Titanium Dioxide, Curcumin; Cows' <strong>Milk</strong> Fat, Lactose (Cows' <strong>Milk</strong>), Palm Oil, Shea Oil, Glucose Syrup.</p></p>\n</div>", "Country of Origin": "<div class=\"productText\">\n<p>Produced in United Kingdom</p>\n</div>", "pricePerUnit": "7.00", "title": "Sainsbury's Raspberry & White Chocolate Triple Layer Cake, Taste the Difference 629g (Serves 10)", "Storage": "<div class=\"productText\">\n<p>For best before date: see top of pack Store in a cool, dry place away from strong light and odours Once opened, store in an airtight container for best quality. How to cut: Remove cake from packaging Place cake on a flat surface and with a serrated knife cut using a slow sawing action Clean the blade between each cut. </p>\n</div>", "Packaging": "<div class=\"productText\">\n<p>Carton board card Board Base</p>\n<p>Carton board laminate printed Carton</p>\n</div>", "PricePerMeasure": "1.09", "Health": "<div class=\"productText\">\n<p>New</p>\n</div>", "Dietary Information": "<div class=\"productText\">\n<p>Allergy Advice<br/>For allergens, including cereals containing gluten, see ingredients in <strong>bold</strong><br/>Also, not suitable for customers with an allergy to nuts due to manufacturing methods</p>\n</div>", "Error": "", "Size": "<div class=\"productText\">\n<p>640gram e</p>\n</div>", "pricePerUnitUnit": "unit", "Manufacturer": "<div class=\"productText\">\n<p>We are happy to replace this item if it is not satisfactory</p>\n<p>Sainsbury's Supermarkets Ltd.</p>\n<p>33 Holborn, London EC1N 2HT</p>\n<p>Customer services 0800 636262</p>\n</div>"}, {"Nutrition": "<div class=\"productText\">\n<div class=\"nutritionalContentSummary\">\n<h2 class=\"reference\">Per slice Typical Values</h2>\n<ul class=\"lozengeBlock\">\n<li class=\"lozenge energy energy\">\n<div class=\"lozengeHeaderSection\">\n<h3 class=\"lozengeTitle\">ENERGY</h3>\n<p>1190kJ</p>\n<p>285kcal</p>\n</div>\n<div class=\"percentage\">\n<p>14%</p>\n</div>\n<p class=\"access\">white</p>\n</li>\n<li class=\"lozenge high fat\">\n<div class=\"lozengeHeaderSection\">\n<h3 class=\"lozengeTitle\">FAT</h3>\n<p>16.0g</p>\n</div>\n<div class=\"percentage\">\n<p>23%</p>\n</div>\n<p class=\"access\">red</p>\n</li>\n<li class=\"lozenge high saturates\">\n<div class=\"lozengeHeaderSection\">\n<h3 class=\"lozengeTitle\">SATURATES</h3>\n<p>7.4g</p>\n</div>\n<div class=\"percentage\">\n<p>37%</p>\n</div>\n<p class=\"access\">red</p>\n</li>\n<li class=\"lozenge high sugars\">\n<div class=\"lozengeHeaderSection\">\n<h3 class=\"lozengeTitle\">SUGARS</h3>\n<p>21.4g</p>\n</div>\n<div class=\"percentage\">\n<p>24%</p>\n</div>\n<p class=\"access\">red</p>\n</li>\n<li class=\"lozenge medium salt\">\n<div class=\"lozengeHeaderSection\">\n<h3 class=\"lozengeTitle\">SALT</h3>\n<p>0.33g</p>\n</div>\n<div class=\"percentage\">\n<p>6%</p>\n</div>\n<p class=\"access\">amber</p>\n</li>\n</ul>\n<div class=\"lozengeFooter\">\n<p>% of the Reference Intakes</p>\n<p>Typical Values Per 100g : Energy 1893 kJ/453 kcal</p>\n<p>RI= Reference intake of an average adult (8400 kJ/2000 kcal)</p>\n</div>\n</div>\n<div>\n<p>\n<strong>Table of Nutritional Information</strong>\n</p>\n<div class=\"tableWrapper\">\n<table class=\"nutritionTable\">\n<thead>\n<tr class=\"tableTitleRow\">\n<th scope=\"col\">Typical Values</th><th scope=\"col\">Per 100g\u00a0</th><th scope=\"col\">Per slice\u00a0</th><th scope=\"col\">% based on RI for Average Adult</th>\n</tr>\n</thead>\n<tr class=\"tableRow1\">\n<th class=\"rowHeader\" rowspan=\"2\" scope=\"row\">Energy</th><td class=\"tableRow1\">1893kJ</td><td class=\"tableRow1\">1190kJ</td><td class=\"tableRow1\">-</td>\n</tr>\n<tr class=\"tableRow0\">\n<td class=\"tableRow0\">453kcal</td><td class=\"\">285kcal</td><td class=\"\">14%</td>\n</tr>\n<tr class=\"tableRow1\">\n<th class=\"rowHeader\" scope=\"row\">Fat</th><td class=\"tableRow1\">25.4g</td><td class=\"nutritionLevel3\">16.0g</td><td class=\"nutritionLevel3\">23%</td>\n</tr>\n<tr class=\"tableRow0\">\n<th class=\"rowHeader\" scope=\"row\">Saturates</th><td class=\"tableRow0\">11.8g</td><td class=\"nutritionLevel3\">7.4g</td><td class=\"nutritionLevel3\">37%</td>\n</tr>\n<tr class=\"tableRow1\">\n<th class=\"rowHeader\" scope=\"row\">Mono-unsaturates</th><td class=\"tableRow1\">9.3g</td><td class=\"\">5.8g</td><td class=\"\">-</td>\n</tr>\n<tr class=\"tableRow0\">\n<th class=\"rowHeader\" scope=\"row\">Polyunsaturates</th><td class=\"tableRow0\">2.6g</td><td class=\"\">1.6g</td><td class=\"\">-</td>\n</tr>\n<tr class=\"tableRow1\">\n<th class=\"rowHeader\" scope=\"row\">Carbohydrate</th><td class=\"tableRow1\">50.6g</td><td class=\"\">31.8g</td><td class=\"\">12%</td>\n</tr>\n<tr class=\"tableRow0\">\n<th class=\"rowHeader\" scope=\"row\">Sugars</th><td class=\"tableRow0\">34.0g</td><td class=\"nutritionLevel3\">21.4g</td><td class=\"nutritionLevel3\">24%</td>\n</tr>\n<tr class=\"tableRow1\">\n<th class=\"rowHeader\" scope=\"row\">Starch</th><td class=\"tableRow1\">16.6g</td><td class=\"\">10.4g</td><td class=\"\">-</td>\n</tr>\n<tr class=\"tableRow0\">\n<th class=\"rowHeader\" scope=\"row\">Fibre</th><td class=\"tableRow0\">1.8g</td><td class=\"\">1.1g</td><td class=\"\">-</td>\n</tr>\n<tr class=\"tableRow1\">\n<th class=\"rowHeader\" scope=\"row\">Protein</th><td class=\"tableRow1\">4.6g</td><td class=\"\">2.9g</td><td class=\"\">6%</td>\n</tr>\n<tr class=\"tableRow0\">\n<th class=\"rowHeader\" scope=\"row\">Salt</th><td class=\"tableRow0\">0.52g</td><td class=\"nutritionLevel2\">0.33g</td><td class=\"nutritionLevel2\">6%</td>\n</tr>\n</table>\n</div>\n<p>Reference intake of an average adult (8400 kJ / 2000 kcal)</p>\n<p>This pack contains 10 servings</p>\n</div>\n</div>", "PricePerMeasureMeasure": "100g", "Description": "<div class=\"productText\">\n<p>Chocolate sponge, plain sponge layered and topped with rich Belgian chocolate ganache, topped with milk chocolate shavings, milk and white chocolate decorations and chocolate flavoured shards.</p>\n<p>\n            \u00a0\n            </p>\n<p>\n<p>TTd story - We've created this sumptuous and decadent cake using alternating layers of moist, chocolate and plain sponge. Filled and covered with creamy Belgian dark chocolate ganache and finished with chocolate curls, drops and handmade plaques, it's a chocolate work of art. We are passionate about great tasting food, which is why this Taste the Difference product has been taste tested by a panel of customers, to ensure that we continue to offer you the very best on quality and flavour.</p>\n</p>\n</div>", "img": "/wcsstore7.30.4.18/ExtendedSitesCatalogAssetStore/images/catalog/productImages/17/0000000293617/0000000293617_L.jpeg", "Ingredients": "<div class=\"productText\">\n<p><p><strong>INGREDIENTS: </strong>Chocolate Ganache (51%) (Sugar, Butter (Cows' <strong>Milk</strong>), Belgian Chocolate (14%) (Sugar, Cocoa Mass, Cocoa Butter, Emulsifier: <strong>Soya</strong> lecithin; Flavouring), Cream (Cows' <strong>Milk</strong>), Cocoa Mass, Dried Glucose Syrup, Cocoa Powder, Salt, Emulsifier: Mono- and Diglycerides of Fatty Acids; Humectant: Vegetable Glycerine), Sugar, Fortified Wheat Flour (<strong>Wheat</strong> Flour, Calcium Carbonate, Iron, Niacin, Thiamin), Pasteurised Free Range <strong>Egg</strong>, Rapeseed Oil, Cows' <strong>Milk</strong>, Humectant: Vegetable Glycerine; Golden Syrup, Cocoa Powder, Palm Oil, Butter (Cows' <strong>Milk</strong>), Raising Agents: Disodium Diphosphate, Sodium Hydrogen Carbonate; Cocoa Butter, Dried Glucose Syrup, Cows' <strong>Milk</strong> Powder, Cocoa Mass, Emulsifier: Mono- and Diglycerides of Fatty Acids, <strong>Soya</strong> lecithin; Salt, Lactose (Cows' <strong>Milk</strong>), Sodium Hydrogen Carbonate, Whey Powder (Cows' <strong>Milk</strong>), Cows' <strong>Milk</strong> Fat, Vanilla Extract, Acidity Regulator: Citric Acid; Colours: Titanium Dioxide, Beetroot Red, Iron Oxide; Shea Oil, Glucose Syrup.</p></p>\n</div>", "Country of Origin": "<div class=\"productText\">\n<p>Produced in United Kingdom</p>\n</div>", "pricePerUnit": "7.00", "title": "Sainsbury's Belgian Chocolate Ganache Triple Layer Cake, Taste Difference 629g (Serves 6)", "Storage": "<div class=\"productText\">\n<p>For best before date: see top of pack Store in a cool, dry place away from strong light and odours Once opened, store in an airtight container for best quality. How to cut: Remove cake from packaging Place cake on a flat surface and with a serrated knife cut using a slow sawing action Clean the blade between each cut. </p>\n</div>", "Packaging": "<div class=\"productText\">\n<p>Carton board base</p>\n<p>Plastic - RPET  tray</p>\n<p>Carton board laminate sleeve</p>\n<p>Paper laminate label -glued</p>\n<p>Other plastic label -glued</p>\n</div>", "PricePerMeasure": "1.11", "Health": "<div class=\"productText\">\n<p>New</p>\n</div>", "Dietary Information": "<div class=\"productText\">\n<p>Allergy Advice<br/>For allergens, including cereals containing gluten, see ingredients in <strong>bold</strong><br/>Also, not suitable for customers with an allergy to nuts due to manufacturing methods</p>\n</div>", "Error": "", "Size": "<div class=\"productText\">\n<p>629gram e</p>\n</div>", "pricePerUnitUnit": "unit", "Manufacturer": "<div class=\"productText\">\n<p>We are happy to replace this item if it is not satisfactory</p>\n<p>Sainsbury's Supermarkets Ltd.</p>\n<p>33 Holborn, London EC1N 2HT</p>\n<p>Customer services 0800 636262</p>\n</div>"}, {"Nutrition": "<div class=\"productText\">\n<div class=\"nutritionalContentSummary\">\n<h2 class=\"reference\">Per slice Typical Values</h2>\n<ul class=\"lozengeBlock\">\n<li class=\"lozenge energy energy\">\n<div class=\"lozengeHeaderSection\">\n<h3 class=\"lozengeTitle\">ENERGY</h3>\n<p>1472kJ</p>\n<p>351kcal</p>\n</div>\n<div class=\"percentage\">\n<p>18%</p>\n</div>\n<p class=\"access\">white</p>\n</li>\n<li class=\"lozenge high fat\">\n<div class=\"lozengeHeaderSection\">\n<h3 class=\"lozengeTitle\">FAT</h3>\n<p>17.1g</p>\n</div>\n<div class=\"percentage\">\n<p>24%</p>\n</div>\n<p class=\"access\">red</p>\n</li>\n<li class=\"lozenge high saturates\">\n<div class=\"lozengeHeaderSection\">\n<h3 class=\"lozengeTitle\">SATURATES</h3>\n<p>7.3g</p>\n</div>\n<div class=\"percentage\">\n<p>37%</p>\n</div>\n<p class=\"access\">red</p>\n</li>\n<li class=\"lozenge high sugars\">\n<div class=\"lozengeHeaderSection\">\n<h3 class=\"lozengeTitle\">SUGARS</h3>\n<p>34.0g</p>\n</div>\n<div class=\"percentage\">\n<p>38%</p>\n</div>\n<p class=\"access\">red</p>\n</li>\n<li class=\"lozenge medium salt\">\n<div class=\"lozengeHeaderSection\">\n<h3 class=\"lozengeTitle\">SALT</h3>\n<p>0.32g</p>\n</div>\n<div class=\"percentage\">\n<p>5%</p>\n</div>\n<p class=\"access\">amber</p>\n</li>\n</ul>\n<div class=\"lozengeFooter\">\n<p>% of the Reference Intakes</p>\n<p>Typical Values Per 100g : Energy 1884 kJ/450 kcal</p>\n<p>RI= Reference intake of an average adult (8400 kJ/2000 kcal)</p>\n</div>\n</div>\n<div>\n<p>\n<strong>Table of Nutritional Information</strong>\n</p>\n<div class=\"tableWrapper\">\n<table class=\"nutritionTable\">\n<thead>\n<tr class=\"tableTitleRow\">\n<th scope=\"col\">Typical Values</th><th scope=\"col\">Per 100g\u00a0</th><th scope=\"col\">Per slice\u00a0</th><th scope=\"col\">% based on RI for Average Adult</th>\n</tr>\n</thead>\n<tr class=\"tableRow1\">\n<th class=\"rowHeader\" rowspan=\"2\" scope=\"row\">Energy</th><td class=\"tableRow1\">1884kJ</td><td class=\"tableRow1\">1472kJ</td><td class=\"tableRow1\">-</td>\n</tr>\n<tr class=\"tableRow0\">\n<td class=\"tableRow0\">450kcal</td><td class=\"\">351kcal</td><td class=\"\">18%</td>\n</tr>\n<tr class=\"tableRow1\">\n<th class=\"rowHeader\" scope=\"row\">Fat</th><td class=\"tableRow1\">21.9g</td><td class=\"nutritionLevel3\">17.1g</td><td class=\"nutritionLevel3\">24%</td>\n</tr>\n<tr class=\"tableRow0\">\n<th class=\"rowHeader\" scope=\"row\">Saturates</th><td class=\"tableRow0\">9.3g</td><td class=\"nutritionLevel3\">7.3g</td><td class=\"nutritionLevel3\">37%</td>\n</tr>\n<tr class=\"tableRow1\">\n<th class=\"rowHeader\" scope=\"row\">Mono-unsaturates</th><td class=\"tableRow1\">8.4g</td><td class=\"\">6.6g</td><td class=\"\">-</td>\n</tr>\n<tr class=\"tableRow0\">\n<th class=\"rowHeader\" scope=\"row\">Polyunsaturates</th><td class=\"tableRow0\">2.7g</td><td class=\"\">2.1g</td><td class=\"\">-</td>\n</tr>\n<tr class=\"tableRow1\">\n<th class=\"rowHeader\" scope=\"row\">Carbohydrate</th><td class=\"tableRow1\">60.1g</td><td class=\"\">47.0g</td><td class=\"\">18%</td>\n</tr>\n<tr class=\"tableRow0\">\n<th class=\"rowHeader\" scope=\"row\">Sugars</th><td class=\"tableRow0\">43.5g</td><td class=\"nutritionLevel3\">34.0g</td><td class=\"nutritionLevel3\">38%</td>\n</tr>\n<tr class=\"tableRow1\">\n<th class=\"rowHeader\" scope=\"row\">Starch</th><td class=\"tableRow1\">16.6g</td><td class=\"\">13.0g</td><td class=\"\">-</td>\n</tr>\n<tr class=\"tableRow0\">\n<th class=\"rowHeader\" scope=\"row\">Fibre</th><td class=\"tableRow0\">0.8g</td><td class=\"\">0.6g</td><td class=\"\">-</td>\n</tr>\n<tr class=\"tableRow1\">\n<th class=\"rowHeader\" scope=\"row\">Protein</th><td class=\"tableRow1\">2.7g</td><td class=\"\">2.1g</td><td class=\"\">4%</td>\n</tr>\n<tr class=\"tableRow0\">\n<th class=\"rowHeader\" scope=\"row\">Salt</th><td class=\"tableRow0\">0.41g</td><td class=\"nutritionLevel2\">0.32g</td><td class=\"nutritionLevel2\">5%</td>\n</tr>\n</table>\n</div>\n<p>Reference intake of an average adult (8400 kJ / 2000 kcal)</p>\n<p>This pack contains 14 servings</p>\n</div>\n</div>", "PricePerMeasureMeasure": "100g", "Description": "<div class=\"productText\">\n<p>Toffee flavoured sponge cake, layered and coated with caramel flavoured buttercream finished with edible decorations</p>\n<p>\n            \u00a0\n            </p>\n<p>\n<p>Triple layer cake, coated with caramel flavoured buttercream, drizzled with a salted caramel sauce topped with Belgian dark chocolate drops and filled meringues.\u00a0</p>\n<p></p>\n</p>\n</div>", "img": "/wcsstore7.30.4.18/ExtendedSitesCatalogAssetStore/images/catalog/productImages/27/0000000279727/0000000279727_L.jpeg", "Ingredients": "<div class=\"productText\">\n<p><p><strong>INGREDIENTS:\u00a0</strong>Sugar, Butter (Cows' <strong>Milk</strong>) (17%), Fortified Wheat Flour (<strong>Wheat</strong> Flour, Calcium Carbonate, Iron, Niacin, Thiamin), Pasteurised Free Range <strong>Egg</strong>, Rapeseed Oil, Belgian Caramel Curls (3.5%) (Sugar, Cocoa Butter, Whole Cows' <strong>Milk</strong> Powder, Lactose (Cows' <strong>Milk</strong>), Whey Powder (Cows' <strong>Milk</strong>), Cocoa Mass, Emulsifier:<strong>Soya</strong>\u00a0Lecithin; Flavouring, Colour: Paprika Extract), Water, Golden Syrup, Dried Glucose Syrup, Sweetened Condensed Skimmed Cows' <strong>Milk</strong>, Humectant: Vegetable Glycerine; Colour: Plain Caramel; Muscovado Sugar, Cornflour, Skimmed Cows' <strong>Milk</strong> Powder, Raising Agents: Disodium Diphosphate, Sodium Hydrogen Carbonate; Belgian Dark Chocolate (Cocoa Mass, Sugar, Cocoa Butter, Butteroil (Cows' <strong>Milk</strong>), Emulsifier:\u00a0<strong>Soya</strong> Lecithin; Vanilla Extract), Palm Oil, Flavouring, Palm Fat, Emulsifiers: Sodium Stearoyl-2-Lactylate, Sunflower Lecithin, <strong>Soya</strong>\u00a0Lecithin, Polyglycerol Polyricinoleate; Dried <strong>Egg</strong> White, Sea Salt, Salt, Dextrose, Acidity Regulator: Citric Acid; Thickener: Carboxymethylcellulose; Preservative: Potassium Sorbate.</p></p>\n</div>", "Country of Origin": "<div class=\"productText\">\n<p>Produced in United Kingdom</p>\n</div>", "pricePerUnit": "14.00", "title": "Sainsbury's Salted Caramel Drizzle Cake 1.1kg (Serves 14)", "Storage": "<div class=\"productText\">\n<p>For best before date: see top of pack Store in a cool, dry place away from strong light and odours Once opened, store in an airtight container for best quality. </p>\n</div>", "Packaging": "<div class=\"productText\">\n<p>Carton board laminate cakeboard</p>\n<p>Card carton</p>\n<p>Plastic - APET carton - Window</p>\n<p>Other plastic closure - Tamper labels</p>\n</div>", "PricePerMeasure": "1.28", "Dietary Information": "<div class=\"productText\">\n<p>Allergy Advice<br/>For allergens, including cereals containing gluten, see ingredients in <strong>bold</strong><br/>Also, not suitable for customers with an allergy to nuts due to manufacturing methods</p>\n</div>", "Error": "", "Size": "<div class=\"productText\">\n<p>1.095kg</p>\n</div>", "pricePerUnitUnit": "unit", "Manufacturer": "<div class=\"productText\">\n<p>We are happy to replace this item if it is not satisfactory</p>\n<p>Sainsbury's Supermarkets Ltd.</p>\n<p>33 Holborn, London EC1N 2HT</p>\n<p>Customer services 0800 636262</p>\n</div>"}, {"Nutrition": "<div class=\"productText\">\n<div class=\"nutritionalContentSummary\">\n<h2 class=\"reference\">Per 50g serve Typical Values</h2>\n<ul class=\"lozengeBlock\">\n<li class=\"lozenge energy energy\">\n<div class=\"lozengeHeaderSection\">\n<h3 class=\"lozengeTitle\">ENERGY</h3>\n<p>579kJ</p>\n<p>137kcal</p>\n</div>\n<div class=\"percentage\">\n<p>7%</p>\n</div>\n<p class=\"access\">white</p>\n</li>\n<li class=\"lozenge low fat\">\n<div class=\"lozengeHeaderSection\">\n<h3 class=\"lozengeTitle\">FAT</h3>\n<p>&lt;0.5g</p>\n</div>\n<div class=\"percentage\">\n<p>&lt;1%</p>\n</div>\n<p class=\"access\">green</p>\n</li>\n<li class=\"lozenge low saturates\">\n<div class=\"lozengeHeaderSection\">\n<h3 class=\"lozengeTitle\">SATURATES</h3>\n<p>0.2g</p>\n</div>\n<div class=\"percentage\">\n<p>1%</p>\n</div>\n<p class=\"access\">green</p>\n</li>\n<li class=\"lozenge low sugars\">\n<div class=\"lozengeHeaderSection\">\n<h3 class=\"lozengeTitle\">SUGARS</h3>\n<p>1.4g</p>\n</div>\n<div class=\"percentage\">\n<p>2%</p>\n</div>\n<p class=\"access\">green</p>\n</li>\n<li class=\"lozenge medium salt\">\n<div class=\"lozengeHeaderSection\">\n<h3 class=\"lozengeTitle\">SALT</h3>\n<p>0.52g</p>\n</div>\n<div class=\"percentage\">\n<p>9%</p>\n</div>\n<p class=\"access\">amber</p>\n</li>\n</ul>\n<div class=\"lozengeFooter\">\n<p>% of the Reference Intakes</p>\n<p>Typical Values Per 100g : Energy 1158 kJ/273 kcal</p>\n<p>RI= Reference intake of an average adult (8400 kJ/2000 kcal)</p>\n</div>\n</div>\n<div>\n<p>\n<strong>Table of Nutritional Information</strong>\n</p>\n<div class=\"tableWrapper\">\n<table class=\"nutritionTable\">\n<thead>\n<tr class=\"tableTitleRow\">\n<th scope=\"col\">Typical Values</th><th scope=\"col\">Per 100g\u00a0</th><th scope=\"col\">Per 50g serve\u00a0</th><th scope=\"col\">% based on RI for Average Adult</th>\n</tr>\n</thead>\n<tr class=\"tableRow1\">\n<th class=\"rowHeader\" rowspan=\"2\" scope=\"row\">Energy</th><td class=\"tableRow1\">1158kJ</td><td class=\"tableRow1\">579kJ</td><td class=\"tableRow1\">-</td>\n</tr>\n<tr class=\"tableRow0\">\n<td class=\"tableRow0\">273kcal</td><td class=\"\">137kcal</td><td class=\"\">7%</td>\n</tr>\n<tr class=\"tableRow1\">\n<th class=\"rowHeader\" scope=\"row\">Fat</th><td class=\"tableRow1\">0.6g</td><td class=\"nutritionLevel1\">&lt;0.5g</td><td class=\"nutritionLevel1\">-</td>\n</tr>\n<tr class=\"tableRow0\">\n<th class=\"rowHeader\" scope=\"row\">Saturates</th><td class=\"tableRow0\">0.4g</td><td class=\"nutritionLevel1\">0.2g</td><td class=\"nutritionLevel1\">1%</td>\n</tr>\n<tr class=\"tableRow1\">\n<th class=\"rowHeader\" scope=\"row\">Carbohydrate</th><td class=\"tableRow1\">55.2g</td><td class=\"\">27.6g</td><td class=\"\">11%</td>\n</tr>\n<tr class=\"tableRow0\">\n<th class=\"rowHeader\" scope=\"row\">Sugars</th><td class=\"tableRow0\">2.8g</td><td class=\"nutritionLevel1\">1.4g</td><td class=\"nutritionLevel1\">2%</td>\n</tr>\n<tr class=\"tableRow1\">\n<th class=\"rowHeader\" scope=\"row\">Starch</th><td class=\"tableRow1\">52.4g</td><td class=\"\">26.2g</td><td class=\"\">-</td>\n</tr>\n<tr class=\"tableRow0\">\n<th class=\"rowHeader\" scope=\"row\">Fibre</th><td class=\"tableRow0\">2.8g</td><td class=\"\">1.4g</td><td class=\"\">-</td>\n</tr>\n<tr class=\"tableRow1\">\n<th class=\"rowHeader\" scope=\"row\">Protein</th><td class=\"tableRow1\">10.3g</td><td class=\"\">5.2g</td><td class=\"\">10%</td>\n</tr>\n<tr class=\"tableRow0\">\n<th class=\"rowHeader\" scope=\"row\">Salt</th><td class=\"tableRow0\">1.04g</td><td class=\"nutritionLevel2\">0.52g</td><td class=\"nutritionLevel2\">9%</td>\n</tr>\n</table>\n</div>\n<p>Reference intake of an average adult (8400 kJ / 2000 kcal)</p>\n<p>This pack contains 8 servings</p>\n</div>\n</div>", "PricePerMeasureMeasure": "ea", "Description": "<div class=\"productText\">\n<p>Crusty White</p>\n<p>\n<p></p>\n</p>\n</div>", "img": "/wcsstore7.30.4.18/ExtendedSitesCatalogAssetStore/images/catalog/productImages/48/0000000500548/0000000500548_L.jpeg", "Ingredients": "<div class=\"productText\">\n<p><p><strong>INGREDIENTS:</strong>Fortified British Wheat Flour (<strong>Wheat</strong> Flour, Calcium Carbonate, Iron, Niacin, Thiamin), Water, Yeast, Salt, Palm Stearin, Flour Treatment Agent:Ascorbic Acid.</p></p>\n</div>", "Country of Origin": "<div class=\"productText\">\n<p>Produced in United Kingdom</p>\n</div>", "pricePerUnit": "0.80", "title": "Sainsbury's Crusty White Baguette 400g", "pricePerUnitUnit": "unit", "Packaging": "<div class=\"productText\">\n<p>Plastic - PP new Plain Baguette Bag</p>\n<p>Paper laminate iSB Herbert SAP 500 Label</p>\n</div>", "PricePerMeasure": "0.80", "Dietary Information": "<div class=\"productText\">\n<p>Allergy Advice<br/>For allergens, including cereals containing gluten, see ingredients in <strong>bold</strong><br/>Products from the In-Store Bakery are not suitable for customers with an allergy to Peanut, Nut, Sesame, Milk, Egg, Celery, Mustard, Wheat, Gluten, Rye, Barley, Oat, Spelt, Kamut, Soya or Sulphites due to manufacturing methods.</p>\n</div>", "Error": "", "Size": "<div class=\"productText\">\n<p>400g</p>\n</div>", "Manufacturer": "<div class=\"productText\">\n<p>We are happy to replace this item if it is not satisfactory</p>\n<p>Sainsbury's Supermarkets Ltd.</p>\n<p>33 Holborn, London EC1N 2HT</p>\n<p>Customer services 0800 636262</p>\n</div>"}, {"Preparation": "<div class=\"itemTypeGroupContainer productText\" style=\"page-break-inside : avoid\">\n<h3 class=\"printOnlyBlock partHead\">Preparation</h3>\n<div class=\"itemTypeGroup\">\n<div class=\"memo\">\n<p>SAFETY FIRST<br>To avoid danger of suffocation keep this wrapper away from babies and children.</br></p>\n</div>\n</div>\n</div>", "Nutrition": "<div class=\"itemTypeGroupContainer productText\" style=\"page-break-inside : avoid\">\n<div class=\"itemTypeGroup\">\n<div class=\"textualNutrition\">\n<h3>Nutrition</h3>\n<div class=\"nutritionalContentSummary\">\n<ul class=\"lozengeBlock\">\n<li class=\"lozenge energy energy\">\n<div class=\"lozengeHeaderSection\">\n<h3 class=\"lozengeTitle\">ENERGY</h3>\n<p>295kJ</p>\n<p>70kcal</p>\n</div>\n<div class=\"percentage\">\n<p>4%</p>\n</div>\n<p class=\"access\">energy</p>\n</li>\n<li class=\"lozenge low fat\">\n<div class=\"lozengeHeaderSection\">\n<h3 class=\"lozengeTitle\">FAT</h3>\n<p>0.6g</p>\n</div>\n<div class=\"percentage\">\n<p>1%</p>\n</div>\n<p class=\"access\">Low</p>\n</li>\n<li class=\"lozenge low saturates\">\n<div class=\"lozengeHeaderSection\">\n<h3 class=\"lozengeTitle\">SATURATES</h3>\n<p>0.1g</p>\n</div>\n<div class=\"percentage\">\n<p>1%</p>\n</div>\n<p class=\"access\">Low</p>\n</li>\n<li class=\"lozenge low sugars\">\n<div class=\"lozengeHeaderSection\">\n<h3 class=\"lozengeTitle\">SUGARS</h3>\n<p>0.8g</p>\n</div>\n<div class=\"percentage\">\n<p>1%</p>\n</div>\n<p class=\"access\">Low</p>\n</li>\n<li class=\"lozenge medium salt\">\n<div class=\"lozengeHeaderSection\">\n<h3 class=\"lozengeTitle\">SALT</h3>\n<p>0.28g</p>\n</div>\n<div class=\"percentage\">\n<p>5%</p>\n</div>\n<p class=\"access\">Medium</p>\n</li>\n</ul>\n<div class=\"lozengeFooter\">\n<p>of your reference intake</p>\n<p>Typical values per 100g: Energy 1025kJ/244kcal</p>\n</div>\n</div>\n<p>\n<strong>Table of Nutritional Information</strong>\n</p>\n<div class=\"tableWrapper\" xmlns:asp=\"remove\">\n<table class=\"nutritionTable\">\n<thead>\n<tr>\n<th scope=\"col\"></th><th scope=\"col\">Per 100g of product</th><th scope=\"col\">Per average slice (28.8g)</th><th scope=\"col\">Reference Intake (Adult)</th>\n</tr>\n</thead>\n<tbody>\n<tr>\n<th class=\"rowHeader\" rowspan=\"2\" scope=\"row\">Energy </th><td>1025kJ</td><td>295kJ</td><td>8400kJ</td>\n</tr>\n<tr>\n<td>244kcal</td><td>70kcal</td><td>2000kcal</td>\n</tr>\n<tr>\n<th class=\"rowHeader\" scope=\"row\">Fat </th><td>2.0g</td><td>0.6g</td><td>70g</td>\n</tr>\n<tr>\n<th scope=\"row\"> of which saturates </th><td>0.5g</td><td>0.1g</td><td>20g</td>\n</tr>\n<tr>\n<th class=\"rowHeader\" scope=\"row\">Carbohydrate </th><td>45.4g</td><td>13.1g</td><td>260g</td>\n</tr>\n<tr>\n<th scope=\"row\"> of which sugars </th><td>2.9g</td><td>0.8g</td><td>90g</td>\n</tr>\n<tr>\n<th class=\"rowHeader\" scope=\"row\">Fibre </th><td>2.1g</td><td>0.6g</td><td>-</td>\n</tr>\n<tr>\n<th class=\"rowHeader\" scope=\"row\">Protein </th><td>9.1g</td><td>2.6g</td><td>50g</td>\n</tr>\n<tr>\n<th class=\"rowHeader\" scope=\"row\">Salt </th><td>0.98g</td><td>0.28g</td><td>6g</td>\n</tr>\n<tr>\n<th colspan=\"4\" scope=\"row\">Contains 14 slices</th>\n</tr>\n</tbody>\n</table>\n</div>\n<div class=\"nameTextLookups\"></div>\n</div>\n</div>\n</div>", "PricePerMeasureMeasure": "100g", "Description": "<div class=\"itemTypeGroupContainer productText\" style=\"page-break-inside : avoid\">\n<h3>Description</h3>\n<div class=\"memo\">\n<p>Thick Sliced White Bread</p>\n</div>\n<div class=\"longTextItems\">\n<p>Vegetarian Society approved</p>\n</div>\n<div class=\"itemTypeGroup\">\n<div class=\"memo\">\n<p>\"Everything you ever wanted for perfect toast is wrapped up in this loaf. My family love baking it, your family will love toasting it.\"</p>\n</div>\n<div class=\"memo\">\n<p>Follow us on: Facebook and Twitter<br>For our latest news and competitions </br></p>\n</div>\n<p class=\"statements\">\n<p>Vegetarian Society Approved</p>\n</p>\n</div>\n</div>", "img": "/wcsstore7.30.4.18/ExtendedSitesCatalogAssetStore/images/catalog/productImages/75/5010044000275/5010044000275_L.jpeg", "Ingredients": "<div class=\"itemTypeGroupContainer productText\" style=\"page-break-inside : avoid\">\n<div class=\"itemTypeGroup\">\n<div class=\"longTextItems\">\n<h3 class=\"itemHeader\">Ingredients</h3>\n<ul class=\"productIngredients\">\n<li><span style=\"font-weight: bold;\">Wheat</span> Flour [with Calcium, Iron, Niacin (B3) and Thiamin (B1)], </li>\n<li>Water, </li>\n<li>Yeast, </li>\n<li>Salt, </li>\n<li>Vegetable Oil (Rapeseed, Sustainable Palm), </li>\n<li><span style=\"font-weight: bold;\">Soya</span> Flour, </li>\n<li>Preservative: Calcium Propionate, </li>\n<li>Emulsifiers: E481, E472e, </li>\n<li>Flour Treatment Agent: Ascorbic Acid (Vitamin C)</li>\n</ul>\n</div>\n</div>\n</div>", "Storage": "<div class=\"itemTypeGroupContainer productText\" style=\"page-break-inside : avoid\">\n<h3 class=\"printOnlyBlock partHead\">Storage</h3>\n<div class=\"itemTypeGroup\">\n<div class=\"memo\">\n<p>Store in a cool dry place, ideally not refrigerated. Under warm conditions storage life will be reduced. If freezing, freeze on day of purchase.<br>For 'Best Before' date see bag closure or label.</br></p>\n</div>\n<p class=\"statements\">\n<p>Suitable for Home Freezing</p>\n</p>\n</div>\n</div>", "pricePerUnit": "0.85", "title": "Warburtons Toastie Thick Sliced White Bread 400g", "pricePerUnitUnit": "unit", "Packaging": "<div class=\"itemTypeGroupContainer productText\" style=\"page-break-inside : avoid\">\n<h3 class=\"printOnlyBlock partHead\">Packaging</h3>\n<div class=\"itemTypeGroup\">\n<div class=\"nameLookups\">\n<p>Bag - Plastic</p>\n</div>\n</div>\n</div>", "PricePerMeasure": "0.21", "Dietary Information": "<div class=\"itemTypeGroupContainer productText\" style=\"page-break-inside : avoid\">\n<h3>Dietary Information</h3>\n<div class=\"itemTypeGroup\">\n<p class=\"statements\">\n<p>Suitable for Vegetarians</p>\n</p>\n<div class=\"memo\">\n<p>For allergens, including Cereals containing Gluten, see ingredients in <span style=\"font-weight: bold;\">bold</span></p>\n</div>\n<div class=\"nameLookups\">\n<p>Contains Soya</p>\n<p>Contains Wheat</p>\n</div>\n</div>\n</div>", "Error": "", "Manufacturer": "<div class=\"itemTypeGroupContainer productText\" style=\"page-break-inside : avoid\">\n<h3 class=\"printOnlyBlock partHead\">Manufacturer</h3>\n<div class=\"itemTypeGroup\">\n<div class=\"memo\">\n<p>Warburtons Limited,<br>Hereford Street,<br>Bolton,<br>BL1 8JB.</br></br></br></p>\n</div>\n</div>\n</div>"}, {"Nutrition": "<div class=\"productText\">\n<div class=\"nutritionalContentSummary\">\n<h2 class=\"reference\">Per 50g serve Typical Values</h2>\n<ul class=\"lozengeBlock\">\n<li class=\"lozenge energy energy\">\n<div class=\"lozengeHeaderSection\">\n<h3 class=\"lozengeTitle\">ENERGY</h3>\n<p>587kJ</p>\n<p>140kcal</p>\n</div>\n<div class=\"percentage\">\n<p>7%</p>\n</div>\n<p class=\"access\">white</p>\n</li>\n<li class=\"lozenge medium fat\">\n<div class=\"lozengeHeaderSection\">\n<h3 class=\"lozengeTitle\">FAT</h3>\n<p>3.9g</p>\n</div>\n<div class=\"percentage\">\n<p>6%</p>\n</div>\n<p class=\"access\">amber</p>\n</li>\n<li class=\"lozenge low saturates\">\n<div class=\"lozengeHeaderSection\">\n<h3 class=\"lozengeTitle\">SATURATES</h3>\n<p>0.5g</p>\n</div>\n<div class=\"percentage\">\n<p>3%</p>\n</div>\n<p class=\"access\">green</p>\n</li>\n<li class=\"lozenge low sugars\">\n<div class=\"lozengeHeaderSection\">\n<h3 class=\"lozengeTitle\">SUGARS</h3>\n<p>2.5g</p>\n</div>\n<div class=\"percentage\">\n<p>3%</p>\n</div>\n<p class=\"access\">green</p>\n</li>\n<li class=\"lozenge medium salt\">\n<div class=\"lozengeHeaderSection\">\n<h3 class=\"lozengeTitle\">SALT</h3>\n<p>0.40g</p>\n</div>\n<div class=\"percentage\">\n<p>7%</p>\n</div>\n<p class=\"access\">amber</p>\n</li>\n</ul>\n<div class=\"lozengeFooter\">\n<p>% of the Reference Intakes</p>\n<p>Typical Values 100g contains : Energy 1174 kJ/279 kcal</p>\n<p>RI= Reference intake of an average adult (8400 kJ/2000 kcal)</p>\n</div>\n</div>\n<div>\n<p>\n<strong>Table of Nutritional Information</strong>\n</p>\n<div class=\"tableWrapper\">\n<table class=\"nutritionTable\">\n<thead>\n<tr class=\"tableTitleRow\">\n<th scope=\"col\">Typical Values</th><th scope=\"col\">100g contains\u00a0</th><th scope=\"col\">Per 50g serve\u00a0</th><th scope=\"col\">% based on RI for Average Adult</th>\n</tr>\n</thead>\n<tr class=\"tableRow1\">\n<th class=\"rowHeader\" rowspan=\"2\" scope=\"row\">Energy</th><td class=\"tableRow1\">1174kJ</td><td class=\"tableRow1\">587kJ</td><td class=\"tableRow1\">-</td>\n</tr>\n<tr class=\"tableRow0\">\n<td class=\"tableRow0\">279kcal</td><td class=\"\">140kcal</td><td class=\"\">7%</td>\n</tr>\n<tr class=\"tableRow1\">\n<th class=\"rowHeader\" scope=\"row\">Fat</th><td class=\"tableRow1\">7.7g</td><td class=\"nutritionLevel2\">3.9g</td><td class=\"nutritionLevel2\">6%</td>\n</tr>\n<tr class=\"tableRow0\">\n<th class=\"rowHeader\" scope=\"row\">Saturates</th><td class=\"tableRow0\">0.9g</td><td class=\"nutritionLevel1\">0.5g</td><td class=\"nutritionLevel1\">3%</td>\n</tr>\n<tr class=\"tableRow1\">\n<th class=\"rowHeader\" scope=\"row\">Mono-unsaturates</th><td class=\"tableRow1\">2.4g</td><td class=\"\">1.2g</td><td class=\"\">-</td>\n</tr>\n<tr class=\"tableRow0\">\n<th class=\"rowHeader\" scope=\"row\">Polyunsaturates</th><td class=\"tableRow0\">0.6g</td><td class=\"\">0.3g</td><td class=\"\">-</td>\n</tr>\n<tr class=\"tableRow1\">\n<th class=\"rowHeader\" scope=\"row\">Carbohydrate</th><td class=\"tableRow1\">37.4g</td><td class=\"\">18.7g</td><td class=\"\">7%</td>\n</tr>\n<tr class=\"tableRow0\">\n<th class=\"rowHeader\" scope=\"row\">Sugars</th><td class=\"tableRow0\">4.9g</td><td class=\"nutritionLevel1\">2.5g</td><td class=\"nutritionLevel1\">3%</td>\n</tr>\n<tr class=\"tableRow1\">\n<th class=\"rowHeader\" scope=\"row\">Starch</th><td class=\"tableRow1\">32.5g</td><td class=\"\">16.3g</td><td class=\"\">-</td>\n</tr>\n<tr class=\"tableRow0\">\n<th class=\"rowHeader\" scope=\"row\">Protein</th><td class=\"tableRow0\">11.3g</td><td class=\"\">5.7g</td><td class=\"\">11%</td>\n</tr>\n<tr class=\"tableRow1\">\n<th class=\"rowHeader\" scope=\"row\">Salt</th><td class=\"tableRow1\">0.79g</td><td class=\"nutritionLevel2\">0.40g</td><td class=\"nutritionLevel2\">7%</td>\n</tr>\n</table>\n</div>\n<p>Reference intake of an average adult (8400 kJ / 2000 kcal)</p>\n<p>This pack contains 16 servings</p>\n</div>\n</div>", "PricePerMeasureMeasure": "100g", "Description": "<div class=\"productText\">\n<p>Multiseed Bread</p>\n<p>\n<p></p>\n</p>\n</div>", "img": "/wcsstore7.30.4.18/ExtendedSitesCatalogAssetStore/images/catalog/productImages/74/0000001050974/0000001050974_L.jpeg", "Ingredients": "<div class=\"productText\">\n<p><p><strong>INGREDIENTS:</strong>Fortified British Wheat Flour (<strong>Wheat</strong> Flour, Calcium Carbonate, Iron, Niacin, Thiamin), Water, <strong>Wheat</strong> Flour, Sunflower Seeds, Linseed, <strong>Sesame</strong> Seeds, Poppy Seeds, <strong>Wheat</strong> Gluten, <strong>Rye</strong> Flour, <strong>Oats</strong>, Pumpkin Seeds, <strong>Wheat</strong> Bran, Yeast, Sugar, Salt, Caramelised Sugar, Malted <strong>Wheat</strong> Flour, Flour Treatment Agent:Ascorbic Acid;.</p></p>\n</div>", "Country of Origin": "<div class=\"productText\">\n<p>Produced in United Kingdom</p>\n</div>", "pricePerUnit": "1.25", "title": "Sainsbury's Multiseed Loaf, Taste Difference 800g", "pricePerUnitUnit": "unit", "Packaging": "<div class=\"productText\">\n<p>Plastic crispy Wrap</p>\n<p>Plastic small Sliced Bread Bag</p>\n<p>Paper laminate iSB Herbert SAP 500 Label</p>\n<p>Paper laminate ttD Multieed Label</p>\n</div>", "PricePerMeasure": "0.16", "Dietary Information": "<div class=\"productText\">\n<p>Allergy Advice<br/>For allergens, including cereals containing gluten, see ingredients in <strong>bold</strong><br/>Products from the In-Store Bakery are not suitable for customers with an allergy to Peanut, Nut, Sesame, Milk, Egg, Celery, Mustard, Wheat, Gluten, Rye, Barley, Oat, Spelt, Kamut, Soya or Sulphites due to manufacturing methods.</p>\n</div>", "Error": "", "Size": "<div class=\"productText\">\n<p>800g</p>\n</div>", "Manufacturer": "<div class=\"productText\">\n<p>We are happy to replace this item if it is not satisfactory</p>\n<p>Sainsbury's Supermarkets Ltd.</p>\n<p>33 Holborn, London EC1N 2HT</p>\n<p>Customer services 0800 636262</p>\n</div>"}, {"Preparation": "<div class=\"itemTypeGroupContainer productText\" style=\"page-break-inside : avoid\">\n<h3 class=\"printOnlyBlock partHead\">Preparation</h3>\n<div class=\"itemTypeGroup\">\n<div class=\"memo\">\n<p>SAFETY FIRST:<br>TO AVOID DANGER OF SUFFOCATION, PLEASE KEEP THIS WRAPPER AWAY FROM BABIES AND CHILDREN</br></p>\n</div>\n</div>\n</div>", "Nutrition": "<div class=\"itemTypeGroupContainer productText\" style=\"page-break-inside : avoid\">\n<div class=\"itemTypeGroup\">\n<div class=\"textualNutrition\">\n<h3>Nutrition</h3>\n<div class=\"nutritionalContentSummary\">\n<ul class=\"lozengeBlock\">\n<li class=\"lozenge energy energy\">\n<div class=\"lozengeHeaderSection\">\n<h3 class=\"lozengeTitle\">ENERGY</h3>\n<p>439kJ</p>\n<p>104kcal</p>\n</div>\n<div class=\"percentage\">\n<p>5%</p>\n</div>\n<p class=\"access\">energy</p>\n</li>\n<li class=\"lozenge low fat\">\n<div class=\"lozengeHeaderSection\">\n<h3 class=\"lozengeTitle\">FAT</h3>\n<p>0.8g</p>\n</div>\n<div class=\"percentage\">\n<p>1%</p>\n</div>\n<p class=\"access\">Low</p>\n</li>\n<li class=\"lozenge low saturates\">\n<div class=\"lozengeHeaderSection\">\n<h3 class=\"lozengeTitle\">SATURATES</h3>\n<p>0.2g</p>\n</div>\n<div class=\"percentage\">\n<p>1%</p>\n</div>\n<p class=\"access\">Low</p>\n</li>\n<li class=\"lozenge low sugars\">\n<div class=\"lozengeHeaderSection\">\n<h3 class=\"lozengeTitle\">SUGARS</h3>\n<p>1.9g</p>\n</div>\n<div class=\"percentage\">\n<p>2%</p>\n</div>\n<p class=\"access\">Low</p>\n</li>\n<li class=\"lozenge medium salt\">\n<div class=\"lozengeHeaderSection\">\n<h3 class=\"lozengeTitle\">SALT</h3>\n<p>0.42g</p>\n</div>\n<div class=\"percentage\">\n<p>7%</p>\n</div>\n<p class=\"access\">Medium</p>\n</li>\n</ul>\n<div class=\"lozengeFooter\">\n<p>of an adult's reference intake*</p>\n<p>Per 100g: Energy 934kJ /221kcal</p>\n<p>*Reference intake of an average adult (8400kJ / 2000 kcal)</p>\n</div>\n</div>\n<p>\n<strong>Table of Nutritional Information</strong>\n</p>\n<div class=\"tableWrapper\" xmlns:asp=\"remove\">\n<table class=\"nutritionTable\">\n<thead>\n<tr>\n<th scope=\"col\"></th><th scope=\"col\">Per 100g</th><th scope=\"col\">Per Slice 47g</th><th scope=\"col\">%Reference Intake*</th>\n</tr>\n</thead>\n<tbody>\n<tr>\n<th class=\"rowHeader\" scope=\"row\">Energy</th><td>934kJ 221kcal</td><td>439kJ 104kcal</td><td>5%</td>\n</tr>\n<tr>\n<th class=\"rowHeader\" scope=\"row\">Fat</th><td>1.8g</td><td>0.8g</td><td>1%</td>\n</tr>\n<tr>\n<th scope=\"row\"> of which saturates</th><td>0.4g</td><td>0.2g</td><td>1%</td>\n</tr>\n<tr>\n<th class=\"rowHeader\" scope=\"row\">Carbohydrates</th><td>37.8g</td><td>17.8g</td><td>7%</td>\n</tr>\n<tr>\n<th scope=\"row\"> of which sugars</th><td>4.1g</td><td>1.9g</td><td>2%</td>\n</tr>\n<tr>\n<th class=\"rowHeader\" scope=\"row\">Fibre</th><td>6.8g</td><td>3.2g</td><td>-</td>\n</tr>\n<tr>\n<th class=\"rowHeader\" scope=\"row\">Protein</th><td>10.0g</td><td>4.7g</td><td>9%</td>\n</tr>\n<tr>\n<th class=\"rowHeader\" scope=\"row\">Salt</th><td>0.90g</td><td>0.42g</td><td>7%</td>\n</tr>\n<tr>\n<th colspan=\"4\" scope=\"row\">This loaf contains approx. 17 Slices</th>\n</tr>\n<tr>\n<th colspan=\"4\" scope=\"row\">*Reference intake of an average adult (8400kJ / 2000 kcal)</th>\n</tr>\n</tbody>\n</table>\n</div>\n<div class=\"nameTextLookups\"></div>\n</div>\n</div>\n</div>", "PricePerMeasureMeasure": "100g", "Description": "<div class=\"itemTypeGroupContainer productText\" style=\"page-break-inside : avoid\">\n<h3>Description</h3>\n<div class=\"memo\">\n<p>Thick Sliced Wholemeal Bread</p>\n</div>\n<div class=\"longTextItems\">\n<p>Your favourite wholemeal loaf, naturally rich in wholegrains</p>\n<p>High in fibre</p>\n<p>Low in fat</p>\n<p>Suitable for vegetarians and vegans</p>\n<p>Kosher - KLBD</p>\n</div>\n<div class=\"itemTypeGroup\">\n<div class=\"memo\">\n<p>Tasty Hovis\u00ae Wholemeal is a much-loved family favourite, naturally rich in wholegrains and made with 100% wholemeal flour. High in fibre and low in fat, our expert bakers use traditional methods to give you a taste of Hovis heritage in every loaf.</p>\n</div>\n<div class=\"memo\">\n<p>Made by Hovis Ltd. Designs &amp; trademarks appearing on pack are owned by Hovis Ltd.</p>\n</div>\n</div>\n</div>", "img": "/wcsstore7.30.4.18/ExtendedSitesCatalogAssetStore/images/catalog/productImages/53/5010003000353/5010003000353_L.jpeg", "Ingredients": "<div class=\"itemTypeGroupContainer productText\" style=\"page-break-inside : avoid\">\n<div class=\"itemTypeGroup\">\n<div class=\"longTextItems\">\n<h3 class=\"itemHeader\">Ingredients</h3>\n<ul class=\"productIngredients\">\n<li>Wholemeal Flour (<span style=\"font-weight: bold;\">Wheat</span>), </li>\n<li>Water, </li>\n<li>Caramelised Sugar, </li>\n<li>Yeast, </li>\n<li><span style=\"font-weight: bold;\">Wheat</span> Protein, </li>\n<li><span style=\"font-weight: bold;\">Soya</span> Flour, </li>\n<li>Salt, </li>\n<li><span style=\"font-weight: bold;\">Wheat</span> Flour (with Added Calcium, Iron, Niacin, Thiamin), </li>\n<li>Emulsifiers: E471, E472e, E481, </li>\n<li>Preservative: E282, </li>\n<li>Vegetable Fat (Palm, Rapeseed), </li>\n<li>Flour Treatment Agent: Ascorbic Acid, </li>\n<li><span style=\"font-weight: bold;\">Wheat</span> Starch, </li>\n<li>This product contains 62% Wholegrains from Wholemeal Flour</li>\n</ul>\n</div>\n</div>\n</div>", "Storage": "<div class=\"itemTypeGroupContainer productText\" style=\"page-break-inside : avoid\">\n<h3 class=\"printOnlyBlock partHead\">Storage</h3>\n<div class=\"itemTypeGroup\">\n<div class=\"memo\">\n<p>Keep cool and dry.<br>If freezing, freeze as soon as possible after purchase. Use within 3 months.<br>For Best Before date, please see bag tie.</br></br></p>\n</div>\n<p class=\"statements\">\n<p>Suitable for Home Freezing</p>\n</p>\n</div>\n</div>", "pricePerUnit": "1.05", "title": "Hovis Thick Sliced Wholemeal Bread 800g", "pricePerUnitUnit": "unit", "Packaging": "<div class=\"itemTypeGroupContainer productText\" style=\"page-break-inside : avoid\">\n<h3 class=\"printOnlyBlock partHead\">Packaging</h3>\n<div class=\"itemTypeGroup\">\n<div class=\"nameLookups\">\n<p>Pack</p>\n</div>\n</div>\n</div>", "PricePerMeasure": "0.13", "Dietary Information": "<div class=\"itemTypeGroupContainer productText\" style=\"page-break-inside : avoid\">\n<h3>Dietary Information</h3>\n<div class=\"itemTypeGroup\">\n<p class=\"statements\">\n<p>Kosher</p>\n<p>Low Fat</p>\n<p>Suitable for Vegans</p>\n<p>Suitable for Vegetarians</p>\n</p>\n<div class=\"memo\">\n<p>For allergens including Cereals containing Gluten, see ingredients in <span style=\"font-weight: bold;\">bold</span></p>\n</div>\n<div class=\"nameLookups\">\n<p>Contains Soya</p>\n<p>Contains Wheat</p>\n</div>\n</div>\n</div>", "Error": "", "Manufacturer": "<div class=\"itemTypeGroupContainer productText\" style=\"page-break-inside : avoid\">\n<h3 class=\"printOnlyBlock partHead\">Manufacturer</h3>\n<div class=\"itemTypeGroup\">\n<div class=\"memo\">\n<p>The Hovis Team,<br>Hovis Ltd,<br>PO Box 1529,<br>High Wycombe,<br>HP12 9ED.</br></br></br></br></p>\n</div>\n</div>\n</div>"}, {"Nutrition": "<div class=\"productText\">\n<div class=\"nutritionalContentSummary\">\n<h2 class=\"reference\">per 2 slices Typical Values</h2>\n<ul class=\"lozengeBlock\">\n<li class=\"lozenge energy energy\">\n<div class=\"lozengeHeaderSection\">\n<h3 class=\"lozengeTitle\">ENERGY</h3>\n<p>810kJ</p>\n<p>191kcal</p>\n</div>\n<div class=\"percentage\">\n<p>10%</p>\n</div>\n<p class=\"access\">white</p>\n</li>\n<li class=\"lozenge low fat\">\n<div class=\"lozengeHeaderSection\">\n<h3 class=\"lozengeTitle\">FAT</h3>\n<p>1.8g</p>\n</div>\n<div class=\"percentage\">\n<p>3%</p>\n</div>\n<p class=\"access\">green</p>\n</li>\n<li class=\"lozenge low saturates\">\n<div class=\"lozengeHeaderSection\">\n<h3 class=\"lozengeTitle\">SATURATES</h3>\n<p>0.4g</p>\n</div>\n<div class=\"percentage\">\n<p>2%</p>\n</div>\n<p class=\"access\">green</p>\n</li>\n<li class=\"lozenge low sugars\">\n<div class=\"lozengeHeaderSection\">\n<h3 class=\"lozengeTitle\">SUGARS</h3>\n<p>2.0g</p>\n</div>\n<div class=\"percentage\">\n<p>2%</p>\n</div>\n<p class=\"access\">green</p>\n</li>\n<li class=\"lozenge medium salt\">\n<div class=\"lozengeHeaderSection\">\n<h3 class=\"lozengeTitle\">SALT</h3>\n<p>0.71g</p>\n</div>\n<div class=\"percentage\">\n<p>12%</p>\n</div>\n<p class=\"access\">amber</p>\n</li>\n</ul>\n<div class=\"lozengeFooter\">\n<p>% of the Reference Intakes</p>\n<p>Typical Values 100g contains : Energy 1013 kJ/239 kcal</p>\n<p>RI= Reference intake of an average adult (8400 kJ/2000 kcal)</p>\n</div>\n</div>\n<div>\n<p>\n<strong>Table of Nutritional Information</strong>\n</p>\n<div class=\"tableWrapper\">\n<table class=\"nutritionTable\">\n<thead>\n<tr class=\"tableTitleRow\">\n<th scope=\"col\">Typical Values</th><th scope=\"col\">100g contains\u00a0</th><th scope=\"col\">per 2 slices\u00a0</th><th scope=\"col\">% based on RI for Average Adult</th>\n</tr>\n</thead>\n<tr class=\"tableRow1\">\n<th class=\"rowHeader\" rowspan=\"2\" scope=\"row\">Energy</th><td class=\"tableRow1\">1013kJ</td><td class=\"tableRow1\">810kJ</td><td class=\"tableRow1\">-</td>\n</tr>\n<tr class=\"tableRow0\">\n<td class=\"tableRow0\">239kcal</td><td class=\"\">191kcal</td><td class=\"\">10%</td>\n</tr>\n<tr class=\"tableRow1\">\n<th class=\"rowHeader\" scope=\"row\">Fat</th><td class=\"tableRow1\">2.2g</td><td class=\"nutritionLevel1\">1.8g</td><td class=\"nutritionLevel1\">3%</td>\n</tr>\n<tr class=\"tableRow0\">\n<th class=\"rowHeader\" scope=\"row\">Saturates</th><td class=\"tableRow0\">0.5g</td><td class=\"nutritionLevel1\">0.4g</td><td class=\"nutritionLevel1\">2%</td>\n</tr>\n<tr class=\"tableRow1\">\n<th class=\"rowHeader\" scope=\"row\">Mono-unsaturates</th><td class=\"tableRow1\">0.6g</td><td class=\"\">0.5g</td><td class=\"\">-</td>\n</tr>\n<tr class=\"tableRow0\">\n<th class=\"rowHeader\" scope=\"row\">Polyunsaturates</th><td class=\"tableRow0\">0.9g</td><td class=\"\">0.7g</td><td class=\"\">-</td>\n</tr>\n<tr class=\"tableRow1\">\n<th class=\"rowHeader\" scope=\"row\">Carbohydrate</th><td class=\"tableRow1\">45.6g</td><td class=\"\">36.5g</td><td class=\"\">14%</td>\n</tr>\n<tr class=\"tableRow0\">\n<th class=\"rowHeader\" scope=\"row\">Sugars</th><td class=\"tableRow0\">2.5g</td><td class=\"nutritionLevel1\">2.0g</td><td class=\"nutritionLevel1\">2%</td>\n</tr>\n<tr class=\"tableRow1\">\n<th class=\"rowHeader\" scope=\"row\">Starch</th><td class=\"tableRow1\">43.1g</td><td class=\"\">34.5g</td><td class=\"\">-</td>\n</tr>\n<tr class=\"tableRow0\">\n<th class=\"rowHeader\" scope=\"row\">Fibre</th><td class=\"tableRow0\">2.3g</td><td class=\"\">1.8g</td><td class=\"\">-</td>\n</tr>\n<tr class=\"tableRow1\">\n<th class=\"rowHeader\" scope=\"row\">Protein</th><td class=\"tableRow1\">8.1g</td><td class=\"\">6.5g</td><td class=\"\">13%</td>\n</tr>\n<tr class=\"tableRow0\">\n<th class=\"rowHeader\" scope=\"row\">Salt</th><td class=\"tableRow0\">0.89g</td><td class=\"nutritionLevel2\">0.71g</td><td class=\"nutritionLevel2\">12%</td>\n</tr>\n</table>\n</div>\n<p>Reference intake of an average adult (8400 kJ / 2000 kcal)</p>\n<p>This pack contains 10 servings</p>\n</div>\n</div>", "PricePerMeasureMeasure": "100g", "Description": "<div class=\"productText\">\n<p>White sliced bread</p>\n<p>\n<p></p>\n</p>\n</div>", "img": "/wcsstore7.30.4.18/ExtendedSitesCatalogAssetStore/images/catalog/productImages/37/0000000014137/0000000014137_L.jpeg", "Ingredients": "<div class=\"productText\">\n<p><p><strong>INGREDIENTS:</strong>Fortified Wheat Flour (<strong>Wheat</strong> Flour, Calcium Carbonate, Iron, Niacin, Thiamin), Water, Yeast, Salt, Rapeseed Oil, Spirit Vinegar, Emulsifiers:Mono- and Diacetyl Tartaric Acid Esters of Mono- and Diglycerides of Fatty Acids, Sodium Stearoyl-2-Lactylate, Mono- and Diglycerides of Fatty Acids; <strong>Soya</strong> Flour, Preservative:Calcium Propionate; Palm Oil, Flour Treatment Agent:Ascorbic Acid\u00a0.</p></p>\n</div>", "Country of Origin": "<div class=\"productText\">\n<p>Together we can protect the world\u2019s forests and avoid deforestation.</p>\n</div>", "pricePerUnit": "0.55", "title": "Sainsbury's Soft Medium Sliced White Bread 800g", "Storage": "<div class=\"productText\">\n<p>800gram e</p>\n</div>", "Packaging": "<div class=\"productText\">\n<p>For best before date: see bag tie. Store in a cool, dry place away from strong light. For maximum freshness reseal bag after each use. </p>\n<p>For best quality, freeze as soon as possible after purchase and always within the best before date. Once frozen consume within 1 month. Once defrosted use the same day. </p>\n</div>", "PricePerMeasure": "0.07", "Health": "<div class=\"productText\">\n<p>Mass Balance Logo: SUPPORTS SUSTAINABLE  PALM OIL The palm oil used in this product supports the production of sustainable palm oil from well managed plantations.</p>\n</div>", "Dietary Information": "<div class=\"productText\">\n<p>Also, not suitable for customers with an allergy to rye, barley or oat due to manufacturing methods.</p>\n</div>", "Error": "", "Size": "<div class=\"productText\">\n<p>Produced in Northern Ireland, United Kingdom</p>\n</div>", "pricePerUnitUnit": "unit", "Manufacturer": "<div class=\"productText\">\n<p>Plastic - LDPE bag</p>\n<p>Polypropylene tape</p>\n<p>Polypropylene tape</p>\n<p>Paper paper Tape</p>\n<p>Paper paper Tape</p>\n</div>"}, {"Preparation": "<div class=\"itemTypeGroupContainer productText\" style=\"page-break-inside : avoid\">\n<h3 class=\"printOnlyBlock partHead\">Preparation</h3>\n<div class=\"itemTypeGroup\">\n<div class=\"memo\">\n<p>SAFETY FIRST<br>To avoid danger of suffocation please keep this wrapper away from babies and children</br></p>\n</div>\n</div>\n</div>", "Nutrition": "<div class=\"itemTypeGroupContainer productText\" style=\"page-break-inside : avoid\">\n<div class=\"itemTypeGroup\">\n<div class=\"textualNutrition\">\n<h3>Nutrition</h3>\n<div class=\"nutritionalContentSummary\">\n<ul class=\"lozengeBlock\">\n<li class=\"lozenge energy energy\">\n<div class=\"lozengeHeaderSection\">\n<h3 class=\"lozengeTitle\">ENERGY</h3>\n<p>394kJ</p>\n<p>93kcal</p>\n</div>\n<div class=\"percentage\">\n<p>5%</p>\n</div>\n<p class=\"access\">energy</p>\n</li>\n<li class=\"lozenge low fat\">\n<div class=\"lozengeHeaderSection\">\n<h3 class=\"lozengeTitle\">FAT</h3>\n<p>1.1g</p>\n</div>\n<div class=\"percentage\">\n<p>2%</p>\n</div>\n<p class=\"access\">Low</p>\n</li>\n<li class=\"lozenge low saturates\">\n<div class=\"lozengeHeaderSection\">\n<h3 class=\"lozengeTitle\">SATURATES</h3>\n<p>0.2g</p>\n</div>\n<div class=\"percentage\">\n<p>1%</p>\n</div>\n<p class=\"access\">Low</p>\n</li>\n<li class=\"lozenge low sugars\">\n<div class=\"lozengeHeaderSection\">\n<h3 class=\"lozengeTitle\">SUGARS</h3>\n<p>1.7g</p>\n</div>\n<div class=\"percentage\">\n<p>2%</p>\n</div>\n<p class=\"access\">Low</p>\n</li>\n<li class=\"lozenge medium salt\">\n<div class=\"lozengeHeaderSection\">\n<h3 class=\"lozengeTitle\">SALT</h3>\n<p>0.4g</p>\n</div>\n<div class=\"percentage\">\n<p>7%</p>\n</div>\n<p class=\"access\">Medium</p>\n</li>\n</ul>\n<div class=\"lozengeFooter\">\n<p>of an Adult's Reference Intake**</p>\n<p>Typical values per 100g: Energy 984kJ / 233kcal</p>\n<p>**Reference Intake of an average adult (8400kJ/2000kcal)</p>\n</div>\n</div>\n<p>\n<strong>Table of Nutritional Information</strong>\n</p>\n<div class=\"tableWrapper\" xmlns:asp=\"remove\">\n<table class=\"nutritionTable\">\n<thead>\n<tr>\n<th scope=\"col\"></th><th scope=\"col\">Per 100g</th><th scope=\"col\">Per Slice</th><th scope=\"col\">%RI\u2020 Per Slice</th>\n</tr>\n</thead>\n<tbody>\n<tr>\n<th class=\"rowHeader\" rowspan=\"2\" scope=\"row\">Energy </th><td>984kJ</td><td>394kJ</td><td>5%</td>\n</tr>\n<tr>\n<td>233kcal</td><td>93kcal</td><td>5%</td>\n</tr>\n<tr>\n<th class=\"rowHeader\" scope=\"row\">Fat </th><td>2.8g</td><td>1.1g</td><td>2%</td>\n</tr>\n<tr>\n<th scope=\"row\">of which: saturates </th><td>0.6g</td><td>0.2g</td><td>1%</td>\n</tr>\n<tr>\n<th class=\"rowHeader\" scope=\"row\">Carbohydrate </th><td>38.6g</td><td>15.4g</td><td>6%</td>\n</tr>\n<tr>\n<th scope=\"row\">of which: sugars </th><td>4.3g</td><td>1.7g</td><td>2%</td>\n</tr>\n<tr>\n<th class=\"rowHeader\" scope=\"row\">Fibre </th><td>6.3g</td><td>2.5g</td><td>-</td>\n</tr>\n<tr>\n<th class=\"rowHeader\" scope=\"row\">Protein </th><td>10.2g</td><td>4.1g</td><td>8%</td>\n</tr>\n<tr>\n<th class=\"rowHeader\" scope=\"row\">Salt </th><td>1.00g</td><td>0.40g</td><td>7%</td>\n</tr>\n<tr>\n<th colspan=\"4\" scope=\"row\">**Reference Intake of an average adult (8400kJ/2000kcal)</th>\n</tr>\n<tr>\n<th colspan=\"4\" scope=\"row\">\u2020RI = Reference Intake</th>\n</tr>\n<tr>\n<th colspan=\"4\" scope=\"row\">This pack typically contains 20 slices (including crusts)</th>\n</tr>\n</tbody>\n</table>\n</div>\n<div class=\"nameTextLookups\"></div>\n</div>\n</div>\n</div>", "PricePerMeasureMeasure": "100g", "Description": "<div class=\"itemTypeGroupContainer productText\" style=\"page-break-inside : avoid\">\n<h3>Description</h3>\n<div class=\"memo\">\n<p>Wholemeal Bread with Kibbled Malted Wheat</p>\n</div>\n<div class=\"longTextItems\">\n<p>High in fibre</p>\n<p>Low in sugar</p>\n<p>Low in fat</p>\n<p>Suitable for vegetarians &amp; vegans</p>\n<p>Halal - HFA approved</p>\n<p>Kosher - SKA</p>\n</div>\n<div class=\"itemTypeGroup\">\n<div class=\"memo\">\n<p>100% of your daily whole grain in 2 slices*<br>*Based on US Dietary Guidelines of 48g of whole grain a day.<br>\n<br>Kingsmill's bakers use flour from our own mills to bring you deliciously soft, great-tasting bakery every day.<br>With tasty malted wheat, our Wholemeal loaf is the perfect choice for your family.</br></br></br></br></p>\n</div>\n<div class=\"memo\">\n<p>You'll find us online at www.kingsmillbakery.co.uk<br>Or follow us on Twitter @KingsmillCare<br>\n<br>Carbon Trust - Reducing CO2</br></br></br></p>\n</div>\n<div class=\"memo\">\n<p>\u00ae\"Kingsmill\" is a Registered Trade Mark of ABF Grain Products Ltd.</p>\n</div>\n</div>\n</div>", "img": "/wcsstore7.30.4.18/ExtendedSitesCatalogAssetStore/images/catalog/productImages/43/5010092093243/5010092093243_L.jpeg", "Ingredients": "<div class=\"itemTypeGroupContainer productText\" style=\"page-break-inside : avoid\">\n<div class=\"itemTypeGroup\">\n<div class=\"longTextItems\">\n<h3 class=\"itemHeader\">Ingredients</h3>\n<ul class=\"productIngredients\">\n<li>Wholemeal <span style=\"font-weight: bold;\">Wheat</span> Flour, </li>\n<li>Water, </li>\n<li>Kibbled Malted <span style=\"font-weight: bold;\">Wheat</span> (4%), </li>\n<li>Sugar, </li>\n<li><span style=\"font-weight: bold;\">Wheat</span> Protein, </li>\n<li>Yeast, </li>\n<li>Salt, </li>\n<li>Vegetable Oils (Rapeseed, Sustainable Palm), </li>\n<li>Malted <span style=\"font-weight: bold;\">Barley</span> Flour, </li>\n<li>Emulsifiers: E471, E472e, </li>\n<li>Vinegar, </li>\n<li><span style=\"font-weight: bold;\">Soya</span> Flour, </li>\n<li>Preservative: Calcium Propionate (added to inhibit mould growth), </li>\n<li>Flour Treatment Agent: Ascorbic Acid (Vitamin C), </li>\n<li>With 62% Whole grain (Wholemeal <span style=\"font-weight: bold;\">Wheat</span> Flour, Kibbled Malted <span style=\"font-weight: bold;\">Wheat</span>, Malted <span style=\"font-weight: bold;\">Barley</span> Flour)</li>\n</ul>\n</div>\n</div>\n</div>", "Country of Origin": "<div class=\"itemTypeGroupContainer productText\" style=\"page-break-inside : avoid\">\n<h3 class=\"printOnlyBlock partHead\">Country of Origin</h3>\n<div class=\"itemTypeGroup\">\n<div class=\"nameLookups\">\n<p>Country of origin: United Kingdom</p>\n</div>\n<div class=\"nameTextItems\">\n<p>Baked in the UK</p>\n</div>\n</div>\n</div>", "pricePerUnit": "1.00", "title": "Kingsmill Medium Sliced Wholemeal Bread 800g", "Storage": "<div class=\"itemTypeGroupContainer productText\" style=\"page-break-inside : avoid\">\n<h3 class=\"printOnlyBlock partHead\">Storage</h3>\n<div class=\"itemTypeGroup\">\n<div class=\"memo\">\n<p>Store in a cool, dry place- ideally not refrigerated. Under warm conditions life may be reduced.<br>Suitable for home freezing: Want to save some for later?<br>Check bag is sealed and then pop me in the freezer and I'll keep for 3 months.<br>For best before see bag closure.</br></br></br></p>\n</div>\n<p class=\"statements\">\n<p>Suitable for Home Freezing</p>\n</p>\n</div>\n</div>", "Packaging": "<div class=\"itemTypeGroupContainer productText\" style=\"page-break-inside : avoid\">\n<h3 class=\"printOnlyBlock partHead\">Packaging</h3>\n<div class=\"itemTypeGroup\">\n<div class=\"nameLookups\">\n<p>Bag - Plastic</p>\n</div>\n</div>\n</div>", "PricePerMeasure": "0.13", "Dietary Information": "<div class=\"itemTypeGroupContainer productText\" style=\"page-break-inside : avoid\">\n<h3>Dietary Information</h3>\n<div class=\"itemTypeGroup\">\n<p class=\"statements\">\n<p>Halal</p>\n<p>Kosher</p>\n<p>Low in sugar</p>\n<p>Suitable for Vegans</p>\n<p>Suitable for Vegetarians</p>\n</p>\n<div class=\"memo\">\n<p>For allergens, including Cereals containing Gluten, see ingredients listed in <span style=\"font-weight: bold;\">bold</span> above</p>\n</div>\n<div class=\"nameLookups\">\n<p>Contains Barley</p>\n<p>Contains Soya</p>\n<p>Contains Wheat</p>\n</div>\n</div>\n</div>", "Error": "", "pricePerUnitUnit": "unit", "Manufacturer": "<div class=\"itemTypeGroupContainer productText\" style=\"page-break-inside : avoid\">\n<h3 class=\"printOnlyBlock partHead\">Manufacturer</h3>\n<div class=\"itemTypeGroup\">\n<div class=\"memo\">\n<p>Allied Bakeries,<br>Vanwall Road,<br>Maidenhead,<br>SL6 4UF.<br>\n<br>Allied Bakeries Ireland,<br>Dept AA931,<br>PO Box 4212,<br>Dublin 2.</br></br></br></br></br></br></br></br></p>\n</div>\n</div>\n</div>"}, {"Preparation": "<div class=\"itemTypeGroupContainer productText\" style=\"page-break-inside : avoid\">\n<h3 class=\"printOnlyBlock partHead\">Preparation</h3>\n<div class=\"itemTypeGroup\">\n<div class=\"memo\">\n<p>SAFETY FIRST:<br>TO AVOID DANGER OF SUFFOCATION, PLEASE KEEP THIS WRAPPER AWAY FROM BABIES AND CHILDREN</br></p>\n</div>\n</div>\n</div>", "Nutrition": "<div class=\"itemTypeGroupContainer productText\" style=\"page-break-inside : avoid\">\n<div class=\"itemTypeGroup\">\n<div class=\"textualNutrition\">\n<h3>Nutrition</h3>\n<div class=\"nutritionalContentSummary\">\n<ul class=\"lozengeBlock\">\n<li class=\"lozenge energy energy\">\n<div class=\"lozengeHeaderSection\">\n<h3 class=\"lozengeTitle\">ENERGY</h3>\n<p>411kJ</p>\n<p>97kcal</p>\n</div>\n<div class=\"percentage\">\n<p>5%</p>\n</div>\n<p class=\"access\">energy</p>\n</li>\n<li class=\"lozenge low fat\">\n<div class=\"lozengeHeaderSection\">\n<h3 class=\"lozengeTitle\">FAT</h3>\n<p>0.9g</p>\n</div>\n<div class=\"percentage\">\n<p>1%</p>\n</div>\n<p class=\"access\">Low</p>\n</li>\n<li class=\"lozenge low saturates\">\n<div class=\"lozengeHeaderSection\">\n<h3 class=\"lozengeTitle\">SATURATES</h3>\n<p>0.3g</p>\n</div>\n<div class=\"percentage\">\n<p>1%</p>\n</div>\n<p class=\"access\">Low</p>\n</li>\n<li class=\"lozenge low sugars\">\n<div class=\"lozengeHeaderSection\">\n<h3 class=\"lozengeTitle\">SUGARS</h3>\n<p>1.3g</p>\n</div>\n<div class=\"percentage\">\n<p>1%</p>\n</div>\n<p class=\"access\">Low</p>\n</li>\n<li class=\"lozenge medium salt\">\n<div class=\"lozengeHeaderSection\">\n<h3 class=\"lozengeTitle\">SALT</h3>\n<p>0.39g</p>\n</div>\n<div class=\"percentage\">\n<p>7%</p>\n</div>\n<p class=\"access\">Medium</p>\n</li>\n</ul>\n<div class=\"lozengeFooter\">\n<p>of an adult's reference intake*</p>\n<p>Per 100g: Energy 1081kJ/256kcal</p>\n<p>*Reference intake (RI) of an average adult (8400kJ / 2000 kcal)</p>\n</div>\n</div>\n<p>\n<strong>Table of Nutritional Information</strong>\n</p>\n<div class=\"tableWrapper\" xmlns:asp=\"remove\">\n<table class=\"nutritionTable\">\n<thead>\n<tr>\n<th scope=\"col\"></th><th scope=\"col\">Per 100g</th><th scope=\"col\">Per Slice 38g</th><th scope=\"col\">% Reference Intake*</th>\n</tr>\n</thead>\n<tbody>\n<tr>\n<th class=\"rowHeader\" scope=\"row\">Energy </th><td>1081kJ 256kcal</td><td>411kJ 97kcal</td><td>5%</td>\n</tr>\n<tr>\n<th class=\"rowHeader\" scope=\"row\">Fat </th><td>2.4g</td><td>0.9g</td><td>1%</td>\n</tr>\n<tr>\n<th scope=\"row\"> of which saturates </th><td>0.7g</td><td>0.3g</td><td>1%</td>\n</tr>\n<tr>\n<th class=\"rowHeader\" scope=\"row\">Carbohydrates</th><td>46.4g</td><td>17.6g</td><td>7%</td>\n</tr>\n<tr>\n<th scope=\"row\"> of which sugars </th><td>3.4g</td><td>1.3g</td><td>1%</td>\n</tr>\n<tr>\n<th class=\"rowHeader\" scope=\"row\">Fibre </th><td>3.7g</td><td>1.4g</td><td>-</td>\n</tr>\n<tr>\n<th class=\"rowHeader\" scope=\"row\">Protein </th><td>10.3g</td><td>3.9g</td><td>8%</td>\n</tr>\n<tr>\n<th class=\"rowHeader\" scope=\"row\">Salt </th><td>1.03g</td><td>0.39g</td><td>7%</td>\n</tr>\n<tr>\n<th colspan=\"4\" scope=\"row\">*Reference intake (RI) of an average adult (8400kJ / 2000 kcal)</th>\n</tr>\n</tbody>\n</table>\n</div>\n<div class=\"nameTextLookups\"></div>\n<p>\n<strong>Table of Vitamins and Minerals Information</strong>\n</p>\n<div class=\"tableWrapper\" xmlns:asp=\"remove\">\n<table class=\"nutritionTable\">\n<thead>\n<tr>\n<th scope=\"col\"></th><th scope=\"col\">Per 100g</th><th scope=\"col\">Per Slice 38g</th><th scope=\"col\">% Reference Intake*</th>\n</tr>\n</thead>\n<tbody>\n<tr>\n<th class=\"rowHeader\" scope=\"row\">Vitamin B1</th><td>0.23mg (21% RI)</td><td>0.09mg (8% RI)</td><td>-</td>\n</tr>\n</tbody>\n</table>\n</div>\n</div>\n</div>\n</div>", "PricePerMeasureMeasure": "100g", "Description": "<div class=\"itemTypeGroupContainer productText\" style=\"page-break-inside : avoid\">\n<h3>Description</h3>\n<div class=\"memo\">\n<p>Medium Sliced Brown Bread with added Wheat Flakes</p>\n</div>\n<div class=\"longTextItems\">\n<p>A rich &amp; tasty source of fibre</p>\n<p>Source of vitamin B1</p>\n<p>Suitable for vegetarians &amp; vegans</p>\n<p>Kosher - KLBD</p>\n</div>\n<div class=\"itemTypeGroup\">\n<div class=\"memo\">\n<p>Our unique Granary\u00ae loaf has a distinctive nutty taste. It's baked with sprouted wholegrains, slowly toasted for extra flavour.<br>Uniquely Granary\u00ae. Uniquely Hovis\u00ae</br></p>\n</div>\n<div class=\"memo\">\n<p>Our Hovis\u00ae loaves have been loved by families up and down the country for years and they're still just as popular today. Each of our signature recipes are baked with specially selected flours and grains using traditional methods. A taste of our heritage created by our expert bakers.</p>\n</div>\n<div class=\"memo\">\n<p>Made by Hovis Ltd.<br>Designs &amp; trademarks appearing on pack are owned by Hovis Ltd.</br></p>\n</div>\n</div>\n</div>", "img": "/wcsstore7.30.4.18/ExtendedSitesCatalogAssetStore/images/catalog/productImages/69/5010003001169/5010003001169_L.jpeg", "Ingredients": "<div class=\"itemTypeGroupContainer productText\" style=\"page-break-inside : avoid\">\n<div class=\"itemTypeGroup\">\n<div class=\"longTextItems\">\n<h3 class=\"itemHeader\">Ingredients</h3>\n<ul class=\"productIngredients\">\n<li><span style=\"font-weight: bold;\">Wheat</span> Flour (with added Calcium, Iron, Niacin, Thiamin), </li>\n<li>Water, </li>\n<li>Original Granary Blend (Granary Malted <span style=\"font-weight: bold;\">Wheat</span> Flakes (11%), Malted <span style=\"font-weight: bold;\">Barley</span> Flour, <span style=\"font-weight: bold;\">Wheat</span> Bran, Toasted <span style=\"font-weight: bold;\">Wheat</span>, Toasted <span style=\"font-weight: bold;\">Rye</span>), </li>\n<li><span style=\"font-weight: bold;\">Wheat</span> Protein, </li>\n<li>Yeast, </li>\n<li>Salt, </li>\n<li>Vinegar, </li>\n<li><span style=\"font-weight: bold;\">Soya</span> Flour, </li>\n<li>Caramelised Sugar, </li>\n<li><span style=\"font-weight: bold;\">Barley</span> Flour, </li>\n<li>Emulsifier: E472e, </li>\n<li>Vegetable Fat (Rapeseed, Palm), </li>\n<li><span style=\"font-weight: bold;\">Barley</span> Fibre, </li>\n<li>Flour Treatment Agent: Ascorbic Acid, </li>\n<li><span style=\"font-weight: bold;\">Wheat</span> Starch</li>\n</ul>\n</div>\n</div>\n</div>", "Storage": "<div class=\"itemTypeGroupContainer productText\" style=\"page-break-inside : avoid\">\n<h3 class=\"printOnlyBlock partHead\">Storage</h3>\n<div class=\"itemTypeGroup\">\n<div class=\"memo\">\n<p>Keep cool and dry.<br>If freezing, freeze as soon as possible after purchase. Use within 3 months.<br>For Best Before date, please see bag tie.</br></br></p>\n</div>\n<p class=\"statements\">\n<p>Suitable for Home Freezing</p>\n</p>\n</div>\n</div>", "pricePerUnit": "1.40", "title": "Hovis Granary Medium Sliced Bread 800g", "pricePerUnitUnit": "unit", "Packaging": "<div class=\"itemTypeGroupContainer productText\" style=\"page-break-inside : avoid\">\n<h3 class=\"printOnlyBlock partHead\">Packaging</h3>\n<div class=\"itemTypeGroup\">\n<div class=\"nameLookups\">\n<p>Bag - Plastic</p>\n</div>\n</div>\n</div>", "PricePerMeasure": "0.18", "Dietary Information": "<div class=\"itemTypeGroupContainer productText\" style=\"page-break-inside : avoid\">\n<h3>Dietary Information</h3>\n<div class=\"itemTypeGroup\">\n<p class=\"statements\">\n<p>Kosher</p>\n<p>Suitable for Vegans</p>\n<p>Suitable for Vegetarians</p>\n</p>\n<div class=\"memo\">\n<p>For allergens including Cereals containing Gluten, see ingredients in <span style=\"font-weight: bold;\">bold</span></p>\n</div>\n<div class=\"nameLookups\">\n<p>Contains Barley</p>\n<p>Contains Rye</p>\n<p>Contains Soya</p>\n<p>Contains Wheat</p>\n</div>\n</div>\n</div>", "Error": "", "Manufacturer": "<div class=\"itemTypeGroupContainer productText\" style=\"page-break-inside : avoid\">\n<h3 class=\"printOnlyBlock partHead\">Manufacturer</h3>\n<div class=\"itemTypeGroup\">\n<div class=\"memo\">\n<p>The Hovis Team,<br>Hovis Ltd,<br>PO Box 1529,<br>High Wycombe,<br>HP12 9ED.</br></br></br></br></p>\n</div>\n</div>\n</div>"}, {"Nutrition": "<div class=\"productText\">\n<div class=\"nutritionalContentSummary\">\n<h2 class=\"reference\">per bun Typical Values</h2>\n<ul class=\"lozengeBlock\">\n<li class=\"lozenge energy energy\">\n<div class=\"lozengeHeaderSection\">\n<h3 class=\"lozengeTitle\">ENERGY</h3>\n<p>846kJ</p>\n<p>200kcal</p>\n</div>\n<div class=\"percentage\">\n<p>10%</p>\n</div>\n<p class=\"access\">white</p>\n</li>\n<li class=\"lozenge medium fat\">\n<div class=\"lozengeHeaderSection\">\n<h3 class=\"lozengeTitle\">FAT</h3>\n<p>2.6g</p>\n</div>\n<div class=\"percentage\">\n<p>4%</p>\n</div>\n<p class=\"access\">amber</p>\n</li>\n<li class=\"lozenge low saturates\">\n<div class=\"lozengeHeaderSection\">\n<h3 class=\"lozengeTitle\">SATURATES</h3>\n<p>0.8g</p>\n</div>\n<div class=\"percentage\">\n<p>4%</p>\n</div>\n<p class=\"access\">green</p>\n</li>\n<li class=\"lozenge medium sugars\">\n<div class=\"lozengeHeaderSection\">\n<h3 class=\"lozengeTitle\">SUGARS</h3>\n<p>15.8g</p>\n</div>\n<div class=\"percentage\">\n<p>18%</p>\n</div>\n<p class=\"access\">amber</p>\n</li>\n<li class=\"lozenge medium salt\">\n<div class=\"lozengeHeaderSection\">\n<h3 class=\"lozengeTitle\">SALT</h3>\n<p>0.32g</p>\n</div>\n<div class=\"percentage\">\n<p>5%</p>\n</div>\n<p class=\"access\">amber</p>\n</li>\n</ul>\n<div class=\"lozengeFooter\">\n<p>% of the Reference Intakes</p>\n<p>Typical Values per 100g : Energy 1209 kJ/286 kcal</p>\n<p>RI= Reference intake of an average adult (8400 kJ/2000 kcal)</p>\n</div>\n</div>\n<div>\n<p>\n<strong>Table of Nutritional Information</strong>\n</p>\n<div class=\"tableWrapper\">\n<table class=\"nutritionTable\">\n<thead>\n<tr class=\"tableTitleRow\">\n<th scope=\"col\">Typical Values</th><th scope=\"col\">per 100g\u00a0</th><th scope=\"col\">per bun\u00a0</th><th scope=\"col\">% based on RI for Average Adult</th>\n</tr>\n</thead>\n<tr class=\"tableRow1\">\n<th class=\"rowHeader\" rowspan=\"2\" scope=\"row\">Energy</th><td class=\"tableRow1\">1209kJ</td><td class=\"tableRow1\">846kJ</td><td class=\"tableRow1\">-</td>\n</tr>\n<tr class=\"tableRow0\">\n<td class=\"tableRow0\">286kcal</td><td class=\"\">200kcal</td><td class=\"\">10%</td>\n</tr>\n<tr class=\"tableRow1\">\n<th class=\"rowHeader\" scope=\"row\">Fat</th><td class=\"tableRow1\">3.7g</td><td class=\"nutritionLevel2\">2.6g</td><td class=\"nutritionLevel2\">4%</td>\n</tr>\n<tr class=\"tableRow0\">\n<th class=\"rowHeader\" scope=\"row\">Saturates</th><td class=\"tableRow0\">1.1g</td><td class=\"nutritionLevel1\">0.8g</td><td class=\"nutritionLevel1\">4%</td>\n</tr>\n<tr class=\"tableRow1\">\n<th class=\"rowHeader\" scope=\"row\">Carbohydrate</th><td class=\"tableRow1\">54.4g</td><td class=\"\">38.1g</td><td class=\"\">15%</td>\n</tr>\n<tr class=\"tableRow0\">\n<th class=\"rowHeader\" scope=\"row\">Sugars</th><td class=\"tableRow0\">22.5g</td><td class=\"nutritionLevel2\">15.8g</td><td class=\"nutritionLevel2\">18%</td>\n</tr>\n<tr class=\"tableRow1\">\n<th class=\"rowHeader\" scope=\"row\">Starch</th><td class=\"tableRow1\">31.9g</td><td class=\"\">22.3g</td><td class=\"\">-</td>\n</tr>\n<tr class=\"tableRow0\">\n<th class=\"rowHeader\" scope=\"row\">Fibre</th><td class=\"tableRow0\">2.7g</td><td class=\"\">1.9g</td><td class=\"\">-</td>\n</tr>\n<tr class=\"tableRow1\">\n<th class=\"rowHeader\" scope=\"row\">Protein</th><td class=\"tableRow1\">7.4g</td><td class=\"\">5.2g</td><td class=\"\">10%</td>\n</tr>\n<tr class=\"tableRow0\">\n<th class=\"rowHeader\" scope=\"row\">Salt</th><td class=\"tableRow0\">0.45g</td><td class=\"nutritionLevel2\">0.32g</td><td class=\"nutritionLevel2\">5%</td>\n</tr>\n</table>\n</div>\n<p>Reference intake of an average adult (8400 kJ / 2000 kcal)</p>\n<p>This pack contains 6 servings</p>\n</div>\n</div>", "PricePerMeasureMeasure": "ea", "Description": "<div class=\"productText\">\n<p>6 White Hot Cross Buns</p>\n<p>\n<p></p>\n</p>\n</div>", "img": "/wcsstore7.30.4.18/ExtendedSitesCatalogAssetStore/images/catalog/productImages/84/0000001381184/0000001381184_L.jpeg", "Ingredients": "<div class=\"productText\">\n<p><p><strong>INGREDIENTS:</strong>Fortified British Wheat Flour (<strong>Wheat</strong> Flour, Calcium Carbonate, Iron, Niacin, Thiamin), Moistened Sultanas (20%) (Sultanas, Water), Water, Yeast, Sugar, Moistened Raisins (3%) (Raisins, Water), Moistened Currants (2.5%)(Currants, Water), Invert Sugar Syrup, Orange and Lemon Peel (2%), Rapeseed Oil, <strong>Wheat</strong> Gluten, Cornflour, Emulsifiers:Mono- and Diglycerides of Fatty Acids, Mono- and Diacetyl Tartaric Acid Esters of Mono- and Diglycerides of Fatty Acids; Salt, Ground Mixed Spice (Cinnamon, Coriander, Clove, Nutmeg), Palm Oil, Flavouring, <strong>Soya</strong> Flour, Flour Treatment Agent:Ascorbic Acid.</p></p>\n</div>", "Preparation and Safety": "<div class=\"productText\">\n<p>The palm oil used in this product supports the production of sustainable palm oil from well managed plantations</p>\n</div>", "Country of Origin": "<div class=\"productText\">\n<p>Together we can protect the world\u2019s forests and avoid deforestation.</p>\n</div>", "pricePerUnit": "1.20", "title": "Sainsbury's Hot Cross Buns x6", "Storage": "<div class=\"productText\">\n<p><p>Not applicable</p></p>\n<p>\u00a0</p>\n<p>\n<strong>Cooking instructions: other</strong>\n</p>\n<p>To toast or can be grilled. If freezing at home, defrost thoroughly before heating. \n\nTo toast.\nBefore heating: Remove all packaging. Slice hot cross buns and place in toaster until golden brown.\nAfter heating: Serve warm. Do not reheat once cooled.\nTo toast\nModerate heat\n1-2 mins\n\nAll cooking appliances vary.\nThis is a guide only.\n\nTo grill.\nPreheat grill. Slice hot cross buns and place on grill pan until golden brown. Turn once. \nAfter heating: Serve warm. Do not reheat once cooled.\nTo heat on grill\nModerate heat\n2-3 mins\n\nAll cooking appliances vary.\nThis is a guide only.</p>\n<p>\n<strong>Warnings:</strong>\n</p>\n<p>Not applicable</p>\n</div>", "Packaging": "<div class=\"productText\">\n<p>Produced in United Kingdom</p>\n</div>", "PricePerMeasure": "0.20", "Health": "<div class=\"productText\">\n<p>Mass Balance Logo: Supports Sustainable Palm Oil</p>\n</div>", "Dietary Information": "<div class=\"productText\">\n<p>Also, not suitable for customers with an allergy to  milk, egg, rye or barley due to manufacturing methods.</p>\n</div>", "Error": "", "Size": "<div class=\"productText\">\n<p>Natural Flavouring Logo: The flavouring used in this product is sourced from natural sources.</p>\n</div>", "pricePerUnitUnit": "unit", "Manufacturer": "<div class=\"productText\">\n<p>407g</p>\n</div>"}, {"Nutrition": "<div class=\"productText\">\n<div class=\"nutritionalContentSummary\">\n<h2 class=\"reference\">PER 30G SERVING</h2>\n<ul class=\"lozengeBlock\">\n<li class=\"lozenge energy energy\">\n<div class=\"lozengeHeaderSection\">\n<h3 class=\"lozengeTitle\">ENERGY</h3>\n<p>203kJ</p>\n<p>49kcal</p>\n</div>\n<div class=\"percentage\">\n<p>3%</p>\n</div>\n<p class=\"access\">white</p>\n</li>\n<li class=\"lozenge medium fat\">\n<div class=\"lozengeHeaderSection\">\n<h3 class=\"lozengeTitle\">FAT</h3>\n<p>3.3g</p>\n</div>\n<div class=\"percentage\">\n<p>5%</p>\n</div>\n<p class=\"access\">amber</p>\n</li>\n<li class=\"lozenge high saturates\">\n<div class=\"lozengeHeaderSection\">\n<h3 class=\"lozengeTitle\">SATURATES</h3>\n<p>2.1g</p>\n</div>\n<div class=\"percentage\">\n<p>11%</p>\n</div>\n<p class=\"access\">red</p>\n</li>\n<li class=\"lozenge low sugars\">\n<div class=\"lozengeHeaderSection\">\n<h3 class=\"lozengeTitle\">SUGARS</h3>\n<p>0.9g</p>\n</div>\n<div class=\"percentage\">\n<p>1%</p>\n</div>\n<p class=\"access\">green</p>\n</li>\n<li class=\"lozenge medium salt\">\n<div class=\"lozengeHeaderSection\">\n<h3 class=\"lozengeTitle\">SALT</h3>\n<p>0.17g</p>\n</div>\n<div class=\"percentage\">\n<p>3%</p>\n</div>\n<p class=\"access\">amber</p>\n</li>\n</ul>\n<div class=\"lozengeFooter\">\n<p>% of the Reference Intakes</p>\n<p>Typical Values Per 100g: Energy 676 kJ/162 kcal</p>\n<p>RI= Reference Intakes of an average adult (8400kJ/2000kcal)</p>\n</div>\n</div>\n<div>\n<p>\n<strong>Table of Nutritional Information</strong>\n</p>\n<div class=\"tableWrapper\">\n<table class=\"nutritionTable\">\n<thead>\n<tr class=\"tableTitleRow\">\n<th scope=\"col\">Typical Values</th><th scope=\"col\">Per 100g\u00a0</th><th scope=\"col\">Per 30g serving\u00a0</th><th scope=\"col\">% based on RI for Average Adult</th>\n</tr>\n</thead>\n<tr class=\"tableRow1\">\n<th class=\"rowHeader\" rowspan=\"2\" scope=\"row\">Energy</th><td class=\"tableRow1\">676kJ</td><td class=\"\">203kJ</td><td class=\"\">-</td>\n</tr>\n<tr class=\"tableRow0\">\n<td class=\"tableRow0\">162kcal</td><td class=\"\">49kcal</td><td class=\"\">3%</td>\n</tr>\n<tr class=\"tableRow1\">\n<th class=\"rowHeader\" scope=\"row\">Fat</th><td class=\"tableRow1\">11.0g</td><td class=\"nutritionLevel2\">3.3g</td><td class=\"nutritionLevel2\">5%</td>\n</tr>\n<tr class=\"tableRow0\">\n<th class=\"rowHeader\" scope=\"row\">Saturates</th><td class=\"tableRow0\">7.0g</td><td class=\"nutritionLevel3\">2.1g</td><td class=\"nutritionLevel3\">11%</td>\n</tr>\n<tr class=\"tableRow1\">\n<th class=\"rowHeader\" scope=\"row\">Mono unsaturates</th><td class=\"tableRow1\">2.9g</td><td class=\"tableRow1\">0.9g</td><td class=\"tableRow1\">-</td>\n</tr>\n<tr class=\"tableRow0\">\n<th class=\"rowHeader\" scope=\"row\">Polyunsaturates</th><td class=\"tableRow0\">0.3g</td><td class=\"tableRow0\">&lt;0.1g</td><td class=\"tableRow0\">-</td>\n</tr>\n<tr class=\"tableRow1\">\n<th class=\"rowHeader\" scope=\"row\">Carbohydrate</th><td class=\"tableRow1\">5.6g</td><td class=\"tableRow1\">1.7g</td><td class=\"tableRow1\">1%</td>\n</tr>\n<tr class=\"tableRow0\">\n<th class=\"rowHeader\" scope=\"row\">Total Sugars</th><td class=\"tableRow0\">3.1g</td><td class=\"nutritionLevel1\">0.9g</td><td class=\"nutritionLevel1\">1%</td>\n</tr>\n<tr class=\"tableRow1\">\n<th class=\"rowHeader\" scope=\"row\">Fibre</th><td class=\"tableRow1\">&lt;0.5g</td><td class=\"tableRow1\">&lt;0.5g</td><td class=\"tableRow1\">-</td>\n</tr>\n<tr class=\"tableRow0\">\n<th class=\"rowHeader\" scope=\"row\">Protein</th><td class=\"tableRow0\">10.2g</td><td class=\"tableRow0\">3.1g</td><td class=\"tableRow0\">6%</td>\n</tr>\n<tr class=\"tableRow1\">\n<th class=\"rowHeader\" scope=\"row\">Salt</th><td class=\"tableRow1\">0.55g</td><td class=\"nutritionLevel2\">0.17g</td><td class=\"nutritionLevel2\">3%</td>\n</tr>\n</table>\n</div>\n<p>RI= Reference Intakes of an average adult (8400kJ / 2000kcal)</p>\n<p>This pack contains approx 8 servings</p>\n</div>\n</div>", "PricePerMeasureMeasure": "kg", "Description": "<div class=\"productText\">\n<p>Medium fat soft cheese with garlic and herbs</p>\n<p>\n<p></p>\n</p>\n</div>", "img": "/wcsstore7.30.4.18/ExtendedSitesCatalogAssetStore/images/catalog/productImages/70/0000001810370/0000001810370_L.jpeg", "Ingredients": "<div class=\"productText\">\n<p>Medium Fat Soft Cheese (98%) (Cows' <strong>Milk</strong>), Garlic Granules (1%), Dried Basil (0.1%), Dried Parsley (0.1%), Black Pepper.<br><br>\u00a0\n\u00a0\n</br></br></p>\n</div>", "Country of Origin": "<div class=\"productText\"><p>Produced in Denmark</p></div>", "pricePerUnit": "1.00", "title": "Sainsbury's Light Garlic & Herb Soft Cheese 250g", "Storage": "<div class=\"productText\">\n<p>For best before date: see base of pack. \nKeep refrigerated. Once opened, use within 3 days. Do not freeze.</p>\n</div>", "Packaging": "<div class=\"productText\">\n<p>PP tub</p>\n<p>Aluminium foil lid</p>\n<p>RPET / PET lid</p>\n</div>", "PricePerMeasure": "4.00", "Dietary Information": "<div class=\"productText\">\n<p>Allergy Advice<br/>For allergens, see ingredients in <strong>bold</strong></p>\n</div>", "Error": "", "Size": "<div class=\"productText\">\n<p>250gram</p>\n</div>", "pricePerUnitUnit": "unit", "Manufacturer": "<div class=\"productText\">\n<p>We are happy to replace this item if it is not satisfactory</p>\n<p>Sainsbury's Supermarkets Ltd.</p>\n<p>33 Holborn, London EC1N 2HT</p>\n<p>Customer services 0800 636262</p>\n</div>"}, {"Nutrition": "<div class=\"productText\">\n<div class=\"nutritionalContentSummary\">\n<h2 class=\"reference\">Per 30g serving Typical Values</h2>\n<ul class=\"lozengeBlock\">\n<li class=\"lozenge energy energy\">\n<div class=\"lozengeHeaderSection\">\n<h3 class=\"lozengeTitle\">ENERGY</h3>\n<p>528kJ</p>\n<p>128kcal</p>\n</div>\n<div class=\"percentage\">\n<p>6%</p>\n</div>\n<p class=\"access\">white</p>\n</li>\n<li class=\"lozenge high fat\">\n<div class=\"lozengeHeaderSection\">\n<h3 class=\"lozengeTitle\">FAT</h3>\n<p>12.3g</p>\n</div>\n<div class=\"percentage\">\n<p>18%</p>\n</div>\n<p class=\"access\">red</p>\n</li>\n<li class=\"lozenge high saturates\">\n<div class=\"lozengeHeaderSection\">\n<h3 class=\"lozengeTitle\">SATURATES</h3>\n<p>8.1g</p>\n</div>\n<div class=\"percentage\">\n<p>41%</p>\n</div>\n<p class=\"access\">red</p>\n</li>\n<li class=\"lozenge low sugars\">\n<div class=\"lozengeHeaderSection\">\n<h3 class=\"lozengeTitle\">SUGARS</h3>\n<p>&lt;0.5g</p>\n</div>\n<div class=\"percentage\">\n<p>&lt;1%</p>\n</div>\n<p class=\"access\">green</p>\n</li>\n<li class=\"lozenge high salt\">\n<div class=\"lozengeHeaderSection\">\n<h3 class=\"lozengeTitle\">SALT</h3>\n<p>0.50g</p>\n</div>\n<div class=\"percentage\">\n<p>8%</p>\n</div>\n<p class=\"access\">red</p>\n</li>\n</ul>\n<div class=\"lozengeFooter\">\n<p>% of the Reference Intakes</p>\n<p>Typical Values Per 100g : Energy 1759 kJ/426 kcal</p>\n<p>RI= Reference intake of an average adult (8400 kJ/2000 kcal)</p>\n</div>\n</div>\n<div>\n<p>\n<strong>Table of Nutritional Information</strong>\n</p>\n<div class=\"tableWrapper\">\n<table class=\"nutritionTable\">\n<thead>\n<tr class=\"tableTitleRow\">\n<th scope=\"col\">Typical Values</th><th scope=\"col\">Per 100g\u00a0</th><th scope=\"col\">Per 30g serving\u00a0</th><th scope=\"col\">% based on RI for Average Adult</th>\n</tr>\n</thead>\n<tr class=\"tableRow1\">\n<th class=\"rowHeader\" rowspan=\"2\" scope=\"row\">Energy</th><td class=\"tableRow1\">1759kJ</td><td class=\"tableRow1\">528kJ</td><td class=\"tableRow1\">-</td>\n</tr>\n<tr class=\"tableRow0\">\n<td class=\"tableRow0\">426kcal</td><td class=\"\">128kcal</td><td class=\"\">6%</td>\n</tr>\n<tr class=\"tableRow1\">\n<th class=\"rowHeader\" scope=\"row\">Fat</th><td class=\"tableRow1\">41.1g</td><td class=\"nutritionLevel3\">12.3g</td><td class=\"nutritionLevel3\">18%</td>\n</tr>\n<tr class=\"tableRow0\">\n<th class=\"rowHeader\" scope=\"row\">Saturates</th><td class=\"tableRow0\">27.0g</td><td class=\"nutritionLevel3\">8.1g</td><td class=\"nutritionLevel3\">41%</td>\n</tr>\n<tr class=\"tableRow1\">\n<th class=\"rowHeader\" scope=\"row\">Mono-unsaturates</th><td class=\"tableRow1\">10.0g</td><td class=\"\">3.0g</td><td class=\"\">-</td>\n</tr>\n<tr class=\"tableRow0\">\n<th class=\"rowHeader\" scope=\"row\">Polyunsaturates</th><td class=\"tableRow0\">1.5g</td><td class=\"\">0.5g</td><td class=\"\">-</td>\n</tr>\n<tr class=\"tableRow1\">\n<th class=\"rowHeader\" scope=\"row\">Carbohydrate</th><td class=\"tableRow1\">&lt;0.5g</td><td class=\"\">&lt;0.5g</td><td class=\"\">-</td>\n</tr>\n<tr class=\"tableRow0\">\n<th class=\"rowHeader\" scope=\"row\">Sugars</th><td class=\"tableRow0\">&lt;0.5g</td><td class=\"nutritionLevel1\">&lt;0.5g</td><td class=\"nutritionLevel1\">-</td>\n</tr>\n<tr class=\"tableRow1\">\n<th class=\"rowHeader\" scope=\"row\">Fibre</th><td class=\"tableRow1\">0g</td><td class=\"\">0g</td><td class=\"\">-</td>\n</tr>\n<tr class=\"tableRow0\">\n<th class=\"rowHeader\" scope=\"row\">Protein</th><td class=\"tableRow0\">13.5g</td><td class=\"\">4.1g</td><td class=\"\">8%</td>\n</tr>\n<tr class=\"tableRow1\">\n<th class=\"rowHeader\" scope=\"row\">Salt</th><td class=\"tableRow1\">1.68g</td><td class=\"nutritionLevel3\">0.50g</td><td class=\"nutritionLevel3\">8%</td>\n</tr>\n</table>\n</div>\n<p>Reference intake of an average adult (8400 kJ / 2000 kcal)</p>\n<p>This pack contains Approx. 6 servings</p>\n</div>\n</div>", "PricePerMeasureMeasure": "kg", "Description": "<div class=\"productText\">\n<p>Full fat soft mould ripened blue vein cheese made with pasteurised milk</p>\n<p>\n            \u00a0\n            </p>\n<p>\n<p>Mellow &amp; Creamy\u00a0</p>\n<p>A mild blue brie with a soft and smooth texture</p>\n</p>\n</div>", "img": "/wcsstore7.30.4.18/ExtendedSitesCatalogAssetStore/images/catalog/productImages/82/0000001697582/0000001697582_L.jpeg", "Ingredients": "<div class=\"productText\">\n<p><p><strong>INGREDIENTS:</strong><strong> </strong>Cambozola Cheese (Cow's <strong>Milk</strong>).</p></p>\n</div>", "Preparation and Safety": "<div class=\"productText\">\n<p><br/></p>\n<p>\n<strong>Warnings:</strong>\n</p>\n<p>Made with pasteurised milk. Expectant mothers and those susceptible to infections should avoid eating this type of cheese.</p>\n</div>", "Country of Origin": "<div class=\"productText\">\n<p>Produced in Germany</p>\n<p>Packed in United Kingdom</p>\n<p>Produced using German milk.</p>\n</div>", "pricePerUnit": "2.00", "title": "Sainsbury's Cambozola Cheese 175g", "Storage": "<div class=\"productText\">\n<p>Keep Refrigerated. Once opened, use within 3 days and do not exceed the use by date. For optimum freshness once opened, re-wrap the cheese so it is well sealed and airtight to avoid it drying out. </p>\n</div>", "Packaging": "<div class=\"productText\">\n<p>LDPE film  Heat sensitive clear flow wrap film.</p>\n<p>Paper labels Top &amp; Base</p>\n</div>", "PricePerMeasure": "11.43", "Health": "<div class=\"productText\">\n<p>Safety: Made with pasteurised milk. Expectant mothers and those susceptible to infection should avoid eating this cheese.</p>\n</div>", "Dietary Information": "<div class=\"productText\">\n<p>Allergy Advice<br/>For allergens, see ingredients in <strong>bold</strong><br/><br/>Suitable for Vegetarians</p>\n</div>", "Error": "", "Size": "<div class=\"productText\">\n<p>175g e</p>\n</div>", "pricePerUnitUnit": "unit", "Manufacturer": "<div class=\"productText\">\n<p>We are happy to replace this item if it is not satisfactory</p>\n<p>Sainsbury's Supermarkets Ltd.</p>\n<p>33 Holborn, London EC1N 2HT</p>\n<p>Customer services 0800 636262</p>\n</div>"}, {"Nutrition": "<div class=\"productText\">\n<div class=\"nutritionalContentSummary\">\n<h2 class=\"reference\">PER 30G SERVING</h2>\n<ul class=\"lozengeBlock\">\n<li class=\"lozenge energy energy\">\n<div class=\"lozengeHeaderSection\">\n<h3 class=\"lozengeTitle\">ENERGY</h3>\n<p>265kJ</p>\n<p>64kcal</p>\n</div>\n<div class=\"percentage\">\n<p>3%</p>\n</div>\n<p class=\"access\">white</p>\n</li>\n<li class=\"lozenge high fat\">\n<div class=\"lozengeHeaderSection\">\n<h3 class=\"lozengeTitle\">FAT</h3>\n<p>6.0g</p>\n</div>\n<div class=\"percentage\">\n<p>9%</p>\n</div>\n<p class=\"access\">red</p>\n</li>\n<li class=\"lozenge high saturates\">\n<div class=\"lozengeHeaderSection\">\n<h3 class=\"lozengeTitle\">SATURATES</h3>\n<p>4.1g</p>\n</div>\n<div class=\"percentage\">\n<p>21%</p>\n</div>\n<p class=\"access\">red</p>\n</li>\n<li class=\"lozenge low sugars\">\n<div class=\"lozengeHeaderSection\">\n<h3 class=\"lozengeTitle\">SUGARS</h3>\n<p>1.3g</p>\n</div>\n<div class=\"percentage\">\n<p>1%</p>\n</div>\n<p class=\"access\">green</p>\n</li>\n<li class=\"lozenge medium salt\">\n<div class=\"lozengeHeaderSection\">\n<h3 class=\"lozengeTitle\">SALT</h3>\n<p>0.17g</p>\n</div>\n<div class=\"percentage\">\n<p>3%</p>\n</div>\n<p class=\"access\">amber</p>\n</li>\n</ul>\n<div class=\"lozengeFooter\">\n<p>% of the Reference Intakes</p>\n<p>Typical Values Per 100g: Energy 883 kJ/214 kcal</p>\n<p>RI= Reference Intakes of an average adult (8400kJ/2000kcal)</p>\n</div>\n</div>\n<div>\n<p>\n<strong>Table of Nutritional Information</strong>\n</p>\n<div class=\"tableWrapper\">\n<table class=\"nutritionTable\">\n<thead>\n<tr class=\"tableTitleRow\">\n<th scope=\"col\">Typical Values</th><th scope=\"col\">Per 100g\u00a0</th><th scope=\"col\">Per 30g serving\u00a0</th><th scope=\"col\">% based on RI for Average Adult</th>\n</tr>\n</thead>\n<tr class=\"tableRow1\">\n<th class=\"rowHeader\" rowspan=\"2\" scope=\"row\">Energy</th><td class=\"tableRow1\">883kJ</td><td class=\"\">265kJ</td><td class=\"\">-</td>\n</tr>\n<tr class=\"tableRow0\">\n<td class=\"tableRow0\">214kcal</td><td class=\"\">64kcal</td><td class=\"\">3%</td>\n</tr>\n<tr class=\"tableRow1\">\n<th class=\"rowHeader\" scope=\"row\">Fat</th><td class=\"tableRow1\">20.0g</td><td class=\"nutritionLevel3\">6.0g</td><td class=\"nutritionLevel3\">9%</td>\n</tr>\n<tr class=\"tableRow0\">\n<th class=\"rowHeader\" scope=\"row\">Saturates</th><td class=\"tableRow0\">13.6g</td><td class=\"nutritionLevel3\">4.1g</td><td class=\"nutritionLevel3\">21%</td>\n</tr>\n<tr class=\"tableRow1\">\n<th class=\"rowHeader\" scope=\"row\">Mono unsaturates</th><td class=\"tableRow1\">5.2g</td><td class=\"tableRow1\">1.6g</td><td class=\"tableRow1\">-</td>\n</tr>\n<tr class=\"tableRow0\">\n<th class=\"rowHeader\" scope=\"row\">Polyunsaturates</th><td class=\"tableRow0\">0.5g</td><td class=\"tableRow0\">0.1g</td><td class=\"tableRow0\">-</td>\n</tr>\n<tr class=\"tableRow1\">\n<th class=\"rowHeader\" scope=\"row\">Carbohydrate</th><td class=\"tableRow1\">4.4g</td><td class=\"tableRow1\">1.3g</td><td class=\"tableRow1\">1%</td>\n</tr>\n<tr class=\"tableRow0\">\n<th class=\"rowHeader\" scope=\"row\">Total Sugars</th><td class=\"tableRow0\">4.4g</td><td class=\"nutritionLevel1\">1.3g</td><td class=\"nutritionLevel1\">1%</td>\n</tr>\n<tr class=\"tableRow1\">\n<th class=\"rowHeader\" scope=\"row\">Starch</th><td class=\"tableRow1\">&lt;0.5g</td><td class=\"tableRow1\">&lt;0.5g</td><td class=\"tableRow1\">-</td>\n</tr>\n<tr class=\"tableRow0\">\n<th class=\"rowHeader\" scope=\"row\">Fibre</th><td class=\"tableRow0\">&lt;0.5g</td><td class=\"tableRow0\">&lt;0.5g</td><td class=\"tableRow0\">-</td>\n</tr>\n<tr class=\"tableRow1\">\n<th class=\"rowHeader\" scope=\"row\">Protein</th><td class=\"tableRow1\">4.0g</td><td class=\"tableRow1\">1.2g</td><td class=\"tableRow1\">2%</td>\n</tr>\n<tr class=\"tableRow0\">\n<th class=\"rowHeader\" scope=\"row\">Salt</th><td class=\"tableRow0\">0.55g</td><td class=\"nutritionLevel2\">0.17g</td><td class=\"nutritionLevel2\">3%</td>\n</tr>\n</table>\n</div>\n<p>RI= Reference Intakes of an average adult (8400kJ / 2000kcal)</p>\n<p>This pack contains 7 servings</p>\n</div>\n</div>", "PricePerMeasureMeasure": "kg", "Description": "<div class=\"productText\">\n<p>Full fat soft cheese</p>\n<p>\n            \u00a0\n            </p>\n<p>\n<p>'Creamy and cheesy spreads nice and easy\u2019</p>\n</p>\n</div>", "img": "/wcsstore7.30.4.18/ExtendedSitesCatalogAssetStore/images/catalog/productImages/35/0000001814835/0000001814835_L.jpeg", "Ingredients": "<div class=\"productText\">\n<p>Full Fat Soft Cheese (Cows' <strong>Milk</strong>), Citrus Fibre<br><br>\u00a0\n\u00a0\n</br></br></p>\n</div>", "Country of Origin": "<div class=\"productText\"><p>Produced in Denmark</p></div>", "pricePerUnit": "0.75", "title": "Sainsbury's Soft Cheese, Basics 300g", "Storage": "<div class=\"productText\">\n<p>Keep refrigerated. Once opened consume within 3 days.\nBest before: see base of pack</p>\n<p>It is not suitable for home freezing.</p>\n</div>", "Packaging": "<div class=\"productText\">\n<p>PP pot</p>\n<p>Aluminium foil lid</p>\n<p>RPET / PET overlid</p>\n</div>", "PricePerMeasure": "2.50", "Dietary Information": "<div class=\"productText\">\n<p>Contains <strong>milk</strong></p>\n</div>", "Error": "", "Size": "<div class=\"productText\">\n<p>300gram</p>\n</div>", "pricePerUnitUnit": "unit", "Manufacturer": "<div class=\"productText\">\n<p>We are happy to replace this item if it is not satisfactory</p>\n<p>Sainsbury's Supermarkets Ltd.</p>\n<p>33 Holborn, London EC1N 2HT</p>\n<p>Customer services 0800 636262</p>\n</div>"}, {"Nutrition": "<div class=\"productText\">\n<div class=\"nutritionalContentSummary\">\n<h2 class=\"reference\">Per 1/2 pack Typical Values</h2>\n<ul class=\"lozengeBlock\">\n<li class=\"lozenge energy energy\">\n<div class=\"lozengeHeaderSection\">\n<h3 class=\"lozengeTitle\">ENERGY</h3>\n<p>473kJ</p>\n<p>111kcal</p>\n</div>\n<div class=\"percentage\">\n<p>6%</p>\n</div>\n<p class=\"access\">white</p>\n</li>\n<li class=\"lozenge low fat\">\n<div class=\"lozengeHeaderSection\">\n<h3 class=\"lozengeTitle\">FAT</h3>\n<p>&lt;0.5g</p>\n</div>\n<div class=\"percentage\">\n<p>&lt;1%</p>\n</div>\n<p class=\"access\">green</p>\n</li>\n<li class=\"lozenge low saturates\">\n<div class=\"lozengeHeaderSection\">\n<h3 class=\"lozengeTitle\">SATURATES</h3>\n<p>0.2g</p>\n</div>\n<div class=\"percentage\">\n<p>1%</p>\n</div>\n<p class=\"access\">green</p>\n</li>\n<li class=\"lozenge medium sugars\">\n<div class=\"lozengeHeaderSection\">\n<h3 class=\"lozengeTitle\">SUGARS</h3>\n<p>11.1g</p>\n</div>\n<div class=\"percentage\">\n<p>12%</p>\n</div>\n<p class=\"access\">amber</p>\n</li>\n<li class=\"lozenge medium salt\">\n<div class=\"lozengeHeaderSection\">\n<h3 class=\"lozengeTitle\">SALT</h3>\n<p>0.64g</p>\n</div>\n<div class=\"percentage\">\n<p>11%</p>\n</div>\n<p class=\"access\">amber</p>\n</li>\n</ul>\n<div class=\"lozengeFooter\">\n<p>% of the Reference Intakes</p>\n<p>Typical Values Per 100g : Energy 315 kJ/74 kcal</p>\n<p>RI= Reference intake of an average adult (8400 kJ/2000 kcal)</p>\n</div>\n</div>\n<div>\n<p>\n<strong>Table of Nutritional Information</strong>\n</p>\n<div class=\"tableWrapper\">\n<table class=\"nutritionTable\">\n<thead>\n<tr class=\"tableTitleRow\">\n<th scope=\"col\">Typical Values</th><th scope=\"col\">Per 100g\u00a0</th><th scope=\"col\">Per 1/2 pack\u00a0</th><th scope=\"col\">% based on RI for Average Adult</th>\n</tr>\n</thead>\n<tr class=\"tableRow1\">\n<th class=\"rowHeader\" rowspan=\"2\" scope=\"row\">Energy</th><td class=\"tableRow1\">315kJ</td><td class=\"tableRow1\">473kJ</td><td class=\"tableRow1\">-</td>\n</tr>\n<tr class=\"tableRow0\">\n<td class=\"tableRow0\">74kcal</td><td class=\"\">111kcal</td><td class=\"\">6%</td>\n</tr>\n<tr class=\"tableRow1\">\n<th class=\"rowHeader\" scope=\"row\">Fat</th><td class=\"tableRow1\">&lt;0.5g</td><td class=\"nutritionLevel1\">&lt;0.5g</td><td class=\"nutritionLevel1\">-</td>\n</tr>\n<tr class=\"tableRow0\">\n<th class=\"rowHeader\" scope=\"row\">Saturates</th><td class=\"tableRow0\">&lt;0.1g</td><td class=\"nutritionLevel1\">0.2g</td><td class=\"nutritionLevel1\">1%</td>\n</tr>\n<tr class=\"tableRow1\">\n<th class=\"rowHeader\" scope=\"row\">Mono-unsaturates</th><td class=\"tableRow1\">0g</td><td class=\"\">0g</td><td class=\"\">-</td>\n</tr>\n<tr class=\"tableRow0\">\n<th class=\"rowHeader\" scope=\"row\">Polyunsaturates</th><td class=\"tableRow0\">0g</td><td class=\"\">0g</td><td class=\"\">-</td>\n</tr>\n<tr class=\"tableRow1\">\n<th class=\"rowHeader\" scope=\"row\">Carbohydrate</th><td class=\"tableRow1\">7.4g</td><td class=\"\">11.1g</td><td class=\"\">4%</td>\n</tr>\n<tr class=\"tableRow0\">\n<th class=\"rowHeader\" scope=\"row\">Sugars</th><td class=\"tableRow0\">7.4g</td><td class=\"nutritionLevel2\">11.1g</td><td class=\"nutritionLevel2\">12%</td>\n</tr>\n<tr class=\"tableRow1\">\n<th class=\"rowHeader\" scope=\"row\">Starch</th><td class=\"tableRow1\">0g</td><td class=\"\">0g</td><td class=\"\">-</td>\n</tr>\n<tr class=\"tableRow0\">\n<th class=\"rowHeader\" scope=\"row\">Fibre</th><td class=\"tableRow0\">0g</td><td class=\"\">0g</td><td class=\"\">-</td>\n</tr>\n<tr class=\"tableRow1\">\n<th class=\"rowHeader\" scope=\"row\">Protein</th><td class=\"tableRow1\">10.7g</td><td class=\"\">16.1g</td><td class=\"\">32%</td>\n</tr>\n<tr class=\"tableRow0\">\n<th class=\"rowHeader\" scope=\"row\">Salt</th><td class=\"tableRow0\">0.43g</td><td class=\"nutritionLevel2\">0.64g</td><td class=\"nutritionLevel2\">11%</td>\n</tr>\n</table>\n</div>\n<p>Reference intake of an average adult (8400 kJ / 2000 kcal)</p>\n<p>This pack contains N/A servings</p>\n</div>\n</div>", "PricePerMeasureMeasure": "kg", "Description": "<div class=\"productText\">\n<p>Fat Free Soft Cheese</p>\n<p>\n            \u00a0\n            </p>\n<p>\n<p>Fat free soft cheese\u00a0</p>\n<p></p>\n</p>\n</div>", "img": "/wcsstore7.30.4.18/ExtendedSitesCatalogAssetStore/images/catalog/productImages/00/0000000208000/0000000208000_L.jpeg", "Ingredients": "<div class=\"productText\">\n<p>Fat Free Cottage Cheese (Cows' <strong>Milk), </strong>Salt.</p>\n</div>", "Preparation and Safety": "<div class=\"productText\">\n<p>New</p>\n</div>", "Country of Origin": "<div class=\"productText\">\n<p>Not applicable</p>\n<p>\n<strong>Warnings:</strong>\n</p>\n<p>Not applicable</p>\n</div>", "pricePerUnit": "1.20", "title": "Sainsbury's Cottage Cheese, Fat Free 300g", "Storage": "<div class=\"productText\">\n<p>300gram e</p>\n</div>", "Packaging": "<div class=\"productText\">\n<p>How to store Use by: see front of pack Keep refrigerated Once opened, use within 3 days and do not exceed the use by dates Cottage cheese may naturally separate Stir before serving. </p>\n<p>It is not suitable for home freezing. </p>\n</div>", "PricePerMeasure": "4.00", "Health": "<div class=\"productText\">\n<p>Made in Cumbria with locally sourced milk</p>\n</div>", "Dietary Information": "<div class=\"productText\">\n<p>Allergy Advice<br/>For allergens, see ingredients in <strong>bold</strong></p>\n</div>", "Error": "", "Size": "<div class=\"productText\">\n<p>Produced in United Kingdom</p>\n</div>", "pricePerUnitUnit": "unit", "Manufacturer": "<div class=\"productText\">\n<p>Plastic - PP pot</p>\n<p>Plastic - APET lid</p>\n<p>Plastic - PP lid</p>\n</div>"}, {"Nutrition": "<div class=\"productText\">\n<div class=\"nutritionalContentSummary\">\n<h2 class=\"reference\">Per 30g serving </h2>\n<ul class=\"lozengeBlock\">\n<li class=\"lozenge energy energy\">\n<div class=\"lozengeHeaderSection\">\n<h3 class=\"lozengeTitle\">ENERGY</h3>\n<p>464kJ</p>\n<p>112kcal</p>\n</div>\n<div class=\"percentage\">\n<p>6%</p>\n</div>\n<p class=\"access\">white</p>\n</li>\n<li class=\"lozenge high fat\">\n<div class=\"lozengeHeaderSection\">\n<h3 class=\"lozengeTitle\">FAT</h3>\n<p>9.4g</p>\n</div>\n<div class=\"percentage\">\n<p>13%</p>\n</div>\n<p class=\"access\">red</p>\n</li>\n<li class=\"lozenge high saturates\">\n<div class=\"lozengeHeaderSection\">\n<h3 class=\"lozengeTitle\">SATURATES</h3>\n<p>5.9g</p>\n</div>\n<div class=\"percentage\">\n<p>30%</p>\n</div>\n<p class=\"access\">red</p>\n</li>\n<li class=\"lozenge low sugars\">\n<div class=\"lozengeHeaderSection\">\n<h3 class=\"lozengeTitle\">SUGARS</h3>\n<p>&lt;0.5g</p>\n</div>\n<div class=\"percentage\">\n<p>&lt;1%</p>\n</div>\n<p class=\"access\">green</p>\n</li>\n<li class=\"lozenge high salt\">\n<div class=\"lozengeHeaderSection\">\n<h3 class=\"lozengeTitle\">SALT</h3>\n<p>0.50g</p>\n</div>\n<div class=\"percentage\">\n<p>8%</p>\n</div>\n<p class=\"access\">red</p>\n</li>\n</ul>\n<div class=\"lozengeFooter\">\n<p>% of the Reference Intakes</p>\n<p> Per 100g : Energy 1547 kJ/373 kcal</p>\n<p>RI= Reference intake of an average adult (8400 kJ/2000 kcal)</p>\n</div>\n</div>\n<div>\n<p>\n<strong>Table of Nutritional Information</strong>\n</p>\n<div class=\"tableWrapper\">\n<table class=\"nutritionTable\">\n<thead>\n<tr class=\"tableTitleRow\">\n<th scope=\"col\"></th><th scope=\"col\">Per 100g\u00a0</th><th scope=\"col\">Per 30g serving\u00a0</th><th scope=\"col\">% based on RI for Average Adult</th>\n</tr>\n</thead>\n<tr class=\"tableRow1\">\n<th class=\"rowHeader\" rowspan=\"2\" scope=\"row\">Energy</th><td class=\"tableRow1\">1547kJ</td><td class=\"tableRow1\">464kJ</td><td class=\"tableRow1\">-</td>\n</tr>\n<tr class=\"tableRow0\">\n<td class=\"tableRow0\">373kcal</td><td class=\"\">112kcal</td><td class=\"\">6%</td>\n</tr>\n<tr class=\"tableRow1\">\n<th class=\"rowHeader\" scope=\"row\">Fat</th><td class=\"tableRow1\">31.3g</td><td class=\"nutritionLevel3\">9.4g</td><td class=\"nutritionLevel3\">13%</td>\n</tr>\n<tr class=\"tableRow0\">\n<th class=\"rowHeader\" scope=\"row\">Saturates</th><td class=\"tableRow0\">19.6g</td><td class=\"nutritionLevel3\">5.9g</td><td class=\"nutritionLevel3\">30%</td>\n</tr>\n<tr class=\"tableRow1\">\n<th class=\"rowHeader\" scope=\"row\">Mono-unsaturates</th><td class=\"tableRow1\">9.1g</td><td class=\"\">2.7g</td><td class=\"\">-</td>\n</tr>\n<tr class=\"tableRow0\">\n<th class=\"rowHeader\" scope=\"row\">Polyunsaturates</th><td class=\"tableRow0\">0.9g</td><td class=\"\">0.3g</td><td class=\"\">-</td>\n</tr>\n<tr class=\"tableRow1\">\n<th class=\"rowHeader\" scope=\"row\">Carbohydrate</th><td class=\"tableRow1\">&lt;0.5g</td><td class=\"\">&lt;0.5g</td><td class=\"\">-</td>\n</tr>\n<tr class=\"tableRow0\">\n<th class=\"rowHeader\" scope=\"row\">Sugars</th><td class=\"tableRow0\">&lt;0.5g</td><td class=\"nutritionLevel1\">&lt;0.5g</td><td class=\"nutritionLevel1\">-</td>\n</tr>\n<tr class=\"tableRow1\">\n<th class=\"rowHeader\" scope=\"row\">Fibre</th><td class=\"tableRow1\">0g</td><td class=\"\">0g</td><td class=\"\">-</td>\n</tr>\n<tr class=\"tableRow0\">\n<th class=\"rowHeader\" scope=\"row\">Protein</th><td class=\"tableRow0\">22.8g</td><td class=\"\">6.8g</td><td class=\"\">14%</td>\n</tr>\n<tr class=\"tableRow1\">\n<th class=\"rowHeader\" scope=\"row\">Salt</th><td class=\"tableRow1\">1.65g</td><td class=\"nutritionLevel3\">0.50g</td><td class=\"nutritionLevel3\">8%</td>\n</tr>\n</table>\n</div>\n<p>Reference intake of an average adult (8400 kJ / 2000 kcal)</p>\n<p>This pack contains appox 8 servings</p>\n</div>\n</div>", "PricePerMeasureMeasure": "kg", "Description": "<div class=\"productText\">\n<p>White Cheshire cheese</p>\n<p>\n            \u00a0\n            </p>\n<p>\n<p>Tangy &amp; Crumbly\u00a0</p>\n<p></p>\n</p>\n</div>", "img": "/wcsstore7.30.4.18/ExtendedSitesCatalogAssetStore/images/catalog/productImages/77/0000001734577/0000001734577_L.jpeg", "Ingredients": "<div class=\"productText\">\n<p><p><strong>INGREDIENTS: </strong>White Cheshire\u00a0Cheese (Cows' <strong>Milk</strong>).</p></p>\n<p>Packaged in a protective atmosphere</p>\n</div>", "Country of Origin": "<div class=\"productText\">\n<p>Packed in United Kingdom</p>\n<p>Produced in United Kingdom</p>\n<p>Produced using British milk</p>\n</div>", "pricePerUnit": "1.70", "title": "Sainsbury's White Cheshire Cheese 250g", "Storage": "<div class=\"productText\">\n<p>Keep refrigerated. Once opened, use within 3 days. For optimum freshness once opened, rewrap the cheese so it is well sealed and airtight to avoid it drying out. </p>\n</div>", "Packaging": "<div class=\"productText\">\n<p>Laminate film flow wrap</p>\n</div>", "PricePerMeasure": "6.80", "Health": "<div class=\"productText\">\n<p>Safety: Made with pasteurised milk.</p>\n</div>", "Dietary Information": "<div class=\"productText\">\n<p>Allergy Advice<br/>For allergens, see ingredients in <strong>bold</strong></p>\n</div>", "Error": "", "Size": "<div class=\"productText\">\n<p>250gram e</p>\n</div>", "pricePerUnitUnit": "unit", "Manufacturer": "<div class=\"productText\">\n<p>We are happy to replace this item if it is not satisfactory</p>\n<p>Sainsbury's Supermarkets Ltd.</p>\n<p>33 Holborn, London EC1N 2HT</p>\n<p>Customer services 0800 636262</p>\n</div>"}, {"Nutrition": "<div class=\"productText\">\n<div class=\"nutritionalContentSummary\">\n<h2 class=\"reference\">Per slice Typical Values</h2>\n<ul class=\"lozengeBlock\">\n<li class=\"lozenge energy energy\">\n<div class=\"lozengeHeaderSection\">\n<h3 class=\"lozengeTitle\">ENERGY</h3>\n<p>213kJ</p>\n<p>51kcal</p>\n</div>\n<div class=\"percentage\">\n<p>3%</p>\n</div>\n<p class=\"access\">white</p>\n</li>\n<li class=\"lozenge medium fat\">\n<div class=\"lozengeHeaderSection\">\n<h3 class=\"lozengeTitle\">FAT</h3>\n<p>3.4g</p>\n</div>\n<div class=\"percentage\">\n<p>5%</p>\n</div>\n<p class=\"access\">amber</p>\n</li>\n<li class=\"lozenge high saturates\">\n<div class=\"lozengeHeaderSection\">\n<h3 class=\"lozengeTitle\">SATURATES</h3>\n<p>1.7g</p>\n</div>\n<div class=\"percentage\">\n<p>9%</p>\n</div>\n<p class=\"access\">red</p>\n</li>\n<li class=\"lozenge medium sugars\">\n<div class=\"lozengeHeaderSection\">\n<h3 class=\"lozengeTitle\">SUGARS</h3>\n<p>1.2g</p>\n</div>\n<div class=\"percentage\">\n<p>1%</p>\n</div>\n<p class=\"access\">amber</p>\n</li>\n<li class=\"lozenge high salt\">\n<div class=\"lozengeHeaderSection\">\n<h3 class=\"lozengeTitle\">SALT</h3>\n<p>0.34g</p>\n</div>\n<div class=\"percentage\">\n<p>6%</p>\n</div>\n<p class=\"access\">red</p>\n</li>\n</ul>\n<div class=\"lozengeFooter\">\n<p>% of the Reference Intakes</p>\n<p>Typical Values Per 100g : Energy 1063 kJ/255 kcal</p>\n<p>RI= Reference intake of an average adult (8400 kJ/2000 kcal)</p>\n</div>\n</div>\n<div>\n<p>\n<strong>Table of Nutritional Information</strong>\n</p>\n<div class=\"tableWrapper\">\n<table class=\"nutritionTable\">\n<thead>\n<tr class=\"tableTitleRow\">\n<th scope=\"col\">Typical Values</th><th scope=\"col\">Per 100g\u00a0</th><th scope=\"col\">Per slice\u00a0</th><th scope=\"col\">% based on RI for Average Adult</th>\n</tr>\n</thead>\n<tr class=\"tableRow1\">\n<th class=\"rowHeader\" rowspan=\"2\" scope=\"row\">Energy</th><td class=\"tableRow1\">1063kJ</td><td class=\"tableRow1\">213kJ</td><td class=\"tableRow1\">-</td>\n</tr>\n<tr class=\"tableRow0\">\n<td class=\"tableRow0\">255kcal</td><td class=\"\">51kcal</td><td class=\"\">3%</td>\n</tr>\n<tr class=\"tableRow1\">\n<th class=\"rowHeader\" scope=\"row\">Fat</th><td class=\"tableRow1\">17.2g</td><td class=\"nutritionLevel2\">3.4g</td><td class=\"nutritionLevel2\">5%</td>\n</tr>\n<tr class=\"tableRow0\">\n<th class=\"rowHeader\" scope=\"row\">Saturates</th><td class=\"tableRow0\">8.7g</td><td class=\"nutritionLevel3\">1.7g</td><td class=\"nutritionLevel3\">9%</td>\n</tr>\n<tr class=\"tableRow1\">\n<th class=\"rowHeader\" scope=\"row\">Mono-unsaturates</th><td class=\"tableRow1\">6.2g</td><td class=\"\">1.2g</td><td class=\"\">-</td>\n</tr>\n<tr class=\"tableRow0\">\n<th class=\"rowHeader\" scope=\"row\">Polyunsaturates</th><td class=\"tableRow0\">1.6g</td><td class=\"\">0.3g</td><td class=\"\">-</td>\n</tr>\n<tr class=\"tableRow1\">\n<th class=\"rowHeader\" scope=\"row\">Carbohydrate</th><td class=\"tableRow1\">8.6g</td><td class=\"\">1.7g</td><td class=\"\">1%</td>\n</tr>\n<tr class=\"tableRow0\">\n<th class=\"rowHeader\" scope=\"row\">Sugars</th><td class=\"tableRow0\">5.9g</td><td class=\"nutritionLevel2\">1.2g</td><td class=\"nutritionLevel2\">1%</td>\n</tr>\n<tr class=\"tableRow1\">\n<th class=\"rowHeader\" scope=\"row\">Starch</th><td class=\"tableRow1\">1.9g</td><td class=\"\">&lt;0.5g</td><td class=\"\">-</td>\n</tr>\n<tr class=\"tableRow0\">\n<th class=\"rowHeader\" scope=\"row\">Fibre</th><td class=\"tableRow0\">0.8g</td><td class=\"\">&lt;0.5g</td><td class=\"\">-</td>\n</tr>\n<tr class=\"tableRow1\">\n<th class=\"rowHeader\" scope=\"row\">Protein</th><td class=\"tableRow1\">16.1g</td><td class=\"\">3.2g</td><td class=\"\">6%</td>\n</tr>\n<tr class=\"tableRow0\">\n<th class=\"rowHeader\" scope=\"row\">Salt</th><td class=\"tableRow0\">1.70g</td><td class=\"nutritionLevel3\">0.34g</td><td class=\"nutritionLevel3\">6%</td>\n</tr>\n</table>\n</div>\n<p>Reference intake of an average adult (8400 kJ / 2000 kcal)</p>\n<p>This pack contains 10 servings</p>\n</div>\n<div>\n<p>\n<strong>Table of Vitamins and Minerals Information</strong>\n</p>\n<div class=\"tableWrapper\">\n<table class=\"nutritionTable\">\n<thead>\n<tr class=\"tableTitleRow\">\n<th scope=\"col\">Typical Values</th><th scope=\"col\">Per 100g\u00a0</th><th scope=\"col\">% NRV\u00a0Per 100g\u00a0</th><th scope=\"col\">Per slice\u00a0</th><th scope=\"col\">% NRV\u00a0Per slice\u00a0</th>\n</tr>\n</thead>\n<tr class=\"tableRow1\">\n<th class=\"rowHeader\" scope=\"row\">Calcium</th><td class=\"tableRow1\">1020mg</td><td class=\"tableRow1\">88</td><td class=\"\">204mg</td><td class=\"\">17.5</td>\n</tr>\n</table>\n</div>\n<p>NRV = Nutrient Reference Value</p>\n</div>\n</div>", "PricePerMeasureMeasure": "kg", "Description": "<div class=\"productText\">\n<p>10 processed cheesy slices made with a blend of cheese, vegetable oil and milk protein with added calcium</p>\n<p>\n<p></p>\n</p>\n</div>", "img": "/wcsstore7.30.4.18/ExtendedSitesCatalogAssetStore/images/catalog/productImages/83/0000000554183/0000000554183_L.jpeg", "Ingredients": "<div class=\"productText\">\n<p><p><strong>INGREDIENTS:</strong>Cheese (60%)(Cows' <strong>Milk</strong>) (Contains Acidity Regulator: Lactic Acid), Water, Palm Oil, Starch, Whey Powder (Cows' <strong>Milk</strong>), Natural Cheese\u00a0Flavouring (Cows' <strong>Milk</strong>), Emulsifying Salts (Sodium Polyphosphate, Trisodium Phosphate), Calcium Phosphate, Milk Protein (Cows' <strong>Milk</strong>), Colours (Beta-carotene, Paprika Extract).</p></p>\n<p>Packaged in a protective atmosphere. Gas mix: Flushed with a Nitrogen and Carbon Dioxide at a ratio of 60:40</p>\n</div>", "Preparation and Safety": "<div class=\"productText\">\n<p><p>Not applicable</p></p>\n<p>\u00a0</p>\n<p>\n<strong>Cooking instructions: Microwave</strong>\n</p>\n<p>N/A</p>\n<p>\u00a0</p>\n<p>\n<strong>Cooking instructions: Oven</strong>\n</p>\n<p>N/A</p>\n<p>\u00a0</p>\n<p>\n<strong>Cooking instructions: other</strong>\n</p>\n<p>N/A</p>\n<p>\n<strong>Warnings:</strong>\n</p>\n<p>Not applicable</p>\n</div>", "Storage": "<div class=\"productText\">\n<p>for use by date: see front of pack Keep refrigerated </p>\n</div>", "pricePerUnit": "0.90", "title": "Sainsbury's Cheesy Slices x10 200g", "pricePerUnitUnit": "unit", "Packaging": "<div class=\"productText\">\n<p>Plastic film</p>\n<p>Laminate film film</p>\n<p>Laminate film film</p>\n</div>", "PricePerMeasure": "4.50", "Dietary Information": "<div class=\"productText\">\n<p>Allergy Advice<br/>For allergens, see ingredients in <strong>bold</strong></p>\n</div>", "Error": "", "Size": "<div class=\"productText\">\n<p>200.000gram </p>\n</div>", "Manufacturer": "<div class=\"productText\">\n<p>We are happy to replace this item if it is not satisfactory</p>\n<p>Sainsbury's Supermarkets Ltd.</p>\n<p>33 Holborn, London EC1N 2HT</p>\n<p>Customer services 0800 636262</p>\n</div>"}, {"Nutrition": "<div class=\"productText\">\n<div class=\"nutritionalContentSummary\">\n<h2 class=\"reference\">Per 30g serving </h2>\n<ul class=\"lozengeBlock\">\n<li class=\"lozenge energy energy\">\n<div class=\"lozengeHeaderSection\">\n<h3 class=\"lozengeTitle\">ENERGY</h3>\n<p>463kJ</p>\n<p>111kcal</p>\n</div>\n<div class=\"percentage\">\n<p>6%</p>\n</div>\n<p class=\"access\">white</p>\n</li>\n<li class=\"lozenge high fat\">\n<div class=\"lozengeHeaderSection\">\n<h3 class=\"lozengeTitle\">FAT</h3>\n<p>7.8g</p>\n</div>\n<div class=\"percentage\">\n<p>11%</p>\n</div>\n<p class=\"access\">red</p>\n</li>\n<li class=\"lozenge high saturates\">\n<div class=\"lozengeHeaderSection\">\n<h3 class=\"lozengeTitle\">SATURATES</h3>\n<p>5.0g</p>\n</div>\n<div class=\"percentage\">\n<p>25%</p>\n</div>\n<p class=\"access\">red</p>\n</li>\n<li class=\"lozenge medium sugars\">\n<div class=\"lozengeHeaderSection\">\n<h3 class=\"lozengeTitle\">SUGARS</h3>\n<p>2.9g</p>\n</div>\n<div class=\"percentage\">\n<p>3%</p>\n</div>\n<p class=\"access\">amber</p>\n</li>\n<li class=\"lozenge medium salt\">\n<div class=\"lozengeHeaderSection\">\n<h3 class=\"lozengeTitle\">SALT</h3>\n<p>0.27g</p>\n</div>\n<div class=\"percentage\">\n<p>5%</p>\n</div>\n<p class=\"access\">amber</p>\n</li>\n</ul>\n<div class=\"lozengeFooter\">\n<p>% of the Reference Intakes</p>\n<p> Per 100g : Energy 1542 kJ/371 kcal</p>\n<p>RI= Reference intake of an average adult (8400 kJ/2000 kcal)</p>\n</div>\n</div>\n<div>\n<p>\n<strong>Table of Nutritional Information</strong>\n</p>\n<div class=\"tableWrapper\">\n<table class=\"nutritionTable\">\n<thead>\n<tr class=\"tableTitleRow\">\n<th scope=\"col\"></th><th scope=\"col\">Per 100g\u00a0</th><th scope=\"col\">Per 30g serving\u00a0</th><th scope=\"col\">% based on RI for Average Adult</th>\n</tr>\n</thead>\n<tr class=\"tableRow1\">\n<th class=\"rowHeader\" rowspan=\"2\" scope=\"row\">Energy</th><td class=\"tableRow1\">1542kJ</td><td class=\"tableRow1\">463kJ</td><td class=\"tableRow1\">-</td>\n</tr>\n<tr class=\"tableRow0\">\n<td class=\"tableRow0\">371kcal</td><td class=\"\">111kcal</td><td class=\"\">6%</td>\n</tr>\n<tr class=\"tableRow1\">\n<th class=\"rowHeader\" scope=\"row\">Fat</th><td class=\"tableRow1\">26.0g</td><td class=\"nutritionLevel3\">7.8g</td><td class=\"nutritionLevel3\">11%</td>\n</tr>\n<tr class=\"tableRow0\">\n<th class=\"rowHeader\" scope=\"row\">Saturates</th><td class=\"tableRow0\">16.6g</td><td class=\"nutritionLevel3\">5.0g</td><td class=\"nutritionLevel3\">25%</td>\n</tr>\n<tr class=\"tableRow1\">\n<th class=\"rowHeader\" scope=\"row\">Mono-unsaturates</th><td class=\"tableRow1\">8.0g</td><td class=\"\">2.4g</td><td class=\"\">-</td>\n</tr>\n<tr class=\"tableRow0\">\n<th class=\"rowHeader\" scope=\"row\">Polyunsaturates</th><td class=\"tableRow0\">1.1g</td><td class=\"\">0.3g</td><td class=\"\">-</td>\n</tr>\n<tr class=\"tableRow1\">\n<th class=\"rowHeader\" scope=\"row\">Carbohydrate</th><td class=\"tableRow1\">13.2g</td><td class=\"\">4.0g</td><td class=\"\">2%</td>\n</tr>\n<tr class=\"tableRow0\">\n<th class=\"rowHeader\" scope=\"row\">Sugars</th><td class=\"tableRow0\">9.6g</td><td class=\"nutritionLevel2\">2.9g</td><td class=\"nutritionLevel2\">3%</td>\n</tr>\n<tr class=\"tableRow1\">\n<th class=\"rowHeader\" scope=\"row\">Starch</th><td class=\"tableRow1\">0g</td><td class=\"\">0g</td><td class=\"\">-</td>\n</tr>\n<tr class=\"tableRow0\">\n<th class=\"rowHeader\" scope=\"row\">Fibre</th><td class=\"tableRow0\">0.7g</td><td class=\"\">&lt;0.5g</td><td class=\"\">-</td>\n</tr>\n<tr class=\"tableRow1\">\n<th class=\"rowHeader\" scope=\"row\">Protein</th><td class=\"tableRow1\">20.5g</td><td class=\"\">6.2g</td><td class=\"\">12%</td>\n</tr>\n<tr class=\"tableRow0\">\n<th class=\"rowHeader\" scope=\"row\">Salt</th><td class=\"tableRow0\">0.90g</td><td class=\"nutritionLevel2\">0.27g</td><td class=\"nutritionLevel2\">5%</td>\n</tr>\n</table>\n</div>\n<p>Reference intake of an average adult (8400 kJ / 2000 kcal)</p>\n<p>This pack contains Approx. 7 servings</p>\n</div>\n</div>", "PricePerMeasureMeasure": "kg", "Description": "<div class=\"productText\">\n<p>Pasteurised Wensleydale cheese with cranberries</p>\n<p>\n<p></p>\n</p>\n</div>", "img": "/wcsstore7.30.4.18/ExtendedSitesCatalogAssetStore/images/catalog/productImages/24/0000001132724/0000001132724_L.jpeg", "Ingredients": "<div class=\"productText\">\n<p><p>Wensleydale Cheese\u00a0(Cows' <strong>Milk)</strong>, Sweetened Dried Cranberries (Sugar, Cranberry, Sunflower Oil).</p></p>\n<p>Packaged in a protective atmosphere</p>\n</div>", "Country of Origin": "<div class=\"productText\">\n<p>Produced in United Kingdom</p>\n<p>Packed in United Kingdom</p>\n<p>Produced using British milk</p>\n</div>", "pricePerUnit": "1.70", "title": "Sainsbury's Wensleydale Cheese with Cranberries 200g", "Storage": "<div class=\"productText\">\n<p>Keep refrigerated. Once opened, use within 4 days. For optimum freshness once opened, rewrap the cheese so it is well sealed and airtight to avoid it drying out. </p>\n</div>", "Packaging": "<div class=\"productText\">\n<p>Laminate film base film tray</p>\n<p>Laminate film film Lid</p>\n<p>Laminate film label</p>\n<p>Paper label</p>\n</div>", "PricePerMeasure": "8.50", "Health": "<div class=\"productText\">\n<p>Safety: Made with pasteurised milk.</p>\n</div>", "Dietary Information": "<div class=\"productText\">\n<p>Allergy Advice<br/>For allergens, see ingredients in <strong>bold</strong></p>\n</div>", "Error": "", "Size": "<div class=\"productText\">\n<p>200gram e</p>\n</div>", "pricePerUnitUnit": "unit", "Manufacturer": "<div class=\"productText\">\n<p>We are happy to replace this item if it is not satisfactory</p>\n<p>Sainsbury's Supermarkets Ltd.</p>\n<p>33 Holborn, London EC1N 2HT</p>\n<p>Customer services 0800 636262</p>\n</div>"}, {"Nutrition": "<div class=\"productText\">\n<div class=\"nutritionalContentSummary\">\n<h2 class=\"reference\">PER 30G SERVING</h2>\n<ul class=\"lozengeBlock\">\n<li class=\"lozenge energy energy\">\n<div class=\"lozengeHeaderSection\">\n<h3 class=\"lozengeTitle\">ENERGY</h3>\n<p>319kJ</p>\n<p>77kcal</p>\n</div>\n<div class=\"percentage\">\n<p>4%</p>\n</div>\n<p class=\"access\">white</p>\n</li>\n<li class=\"lozenge high fat\">\n<div class=\"lozengeHeaderSection\">\n<h3 class=\"lozengeTitle\">FAT</h3>\n<p>7.5g</p>\n</div>\n<div class=\"percentage\">\n<p>11%</p>\n</div>\n<p class=\"access\">red</p>\n</li>\n<li class=\"lozenge high saturates\">\n<div class=\"lozengeHeaderSection\">\n<h3 class=\"lozengeTitle\">SATURATES</h3>\n<p>4.8g</p>\n</div>\n<div class=\"percentage\">\n<p>24%</p>\n</div>\n<p class=\"access\">red</p>\n</li>\n<li class=\"lozenge low sugars\">\n<div class=\"lozengeHeaderSection\">\n<h3 class=\"lozengeTitle\">SUGARS</h3>\n<p>0.8g</p>\n</div>\n<div class=\"percentage\">\n<p>&lt;1%</p>\n</div>\n<p class=\"access\">green</p>\n</li>\n<li class=\"lozenge medium salt\">\n<div class=\"lozengeHeaderSection\">\n<h3 class=\"lozengeTitle\">SALT</h3>\n<p>0.17g</p>\n</div>\n<div class=\"percentage\">\n<p>3%</p>\n</div>\n<p class=\"access\">amber</p>\n</li>\n</ul>\n<div class=\"lozengeFooter\">\n<p>% of the Reference Intakes</p>\n<p>Typical Values Per 100g: Energy 1064 kJ/258 kcal</p>\n<p>RI= Reference Intakes of an average adult (8400kJ/2000kcal)</p>\n</div>\n</div>\n<div>\n<p>\n<strong>Table of Nutritional Information</strong>\n</p>\n<div class=\"tableWrapper\">\n<table class=\"nutritionTable\">\n<thead>\n<tr class=\"tableTitleRow\">\n<th scope=\"col\">Typical Values</th><th scope=\"col\">Per 100g\u00a0</th><th scope=\"col\">Per 30g serving\u00a0</th><th scope=\"col\">% based on RI for Average Adult</th>\n</tr>\n</thead>\n<tr class=\"tableRow1\">\n<th class=\"rowHeader\" rowspan=\"2\" scope=\"row\">Energy</th><td class=\"tableRow1\">1064kJ</td><td class=\"\">319kJ</td><td class=\"\">-</td>\n</tr>\n<tr class=\"tableRow0\">\n<td class=\"tableRow0\">258kcal</td><td class=\"\">77kcal</td><td class=\"\">4%</td>\n</tr>\n<tr class=\"tableRow1\">\n<th class=\"rowHeader\" scope=\"row\">Fat</th><td class=\"tableRow1\">25.0g</td><td class=\"nutritionLevel3\">7.5g</td><td class=\"nutritionLevel3\">11%</td>\n</tr>\n<tr class=\"tableRow0\">\n<th class=\"rowHeader\" scope=\"row\">Saturates</th><td class=\"tableRow0\">16.0g</td><td class=\"nutritionLevel3\">4.8g</td><td class=\"nutritionLevel3\">24%</td>\n</tr>\n<tr class=\"tableRow1\">\n<th class=\"rowHeader\" scope=\"row\">Mono unsaturates</th><td class=\"tableRow1\">5.9g</td><td class=\"tableRow1\">1.8g</td><td class=\"tableRow1\">-</td>\n</tr>\n<tr class=\"tableRow0\">\n<th class=\"rowHeader\" scope=\"row\">Polyunsaturates</th><td class=\"tableRow0\">0.5g</td><td class=\"tableRow0\">0.2g</td><td class=\"tableRow0\">-</td>\n</tr>\n<tr class=\"tableRow1\">\n<th class=\"rowHeader\" scope=\"row\">Carbohydrate</th><td class=\"tableRow1\">2.8g</td><td class=\"tableRow1\">0.8g</td><td class=\"tableRow1\">-</td>\n</tr>\n<tr class=\"tableRow0\">\n<th class=\"rowHeader\" scope=\"row\">Total Sugars</th><td class=\"tableRow0\">2.8g</td><td class=\"nutritionLevel1\">0.8g</td><td class=\"nutritionLevel1\">1%</td>\n</tr>\n<tr class=\"tableRow1\">\n<th class=\"rowHeader\" scope=\"row\">Starch</th><td class=\"tableRow1\">&lt;0.5g</td><td class=\"tableRow1\">&lt;0.5g</td><td class=\"tableRow1\">-</td>\n</tr>\n<tr class=\"tableRow0\">\n<th class=\"rowHeader\" scope=\"row\">Fibre</th><td class=\"tableRow0\">&lt;0.5g</td><td class=\"tableRow0\">&lt;0.5g</td><td class=\"tableRow0\">-</td>\n</tr>\n<tr class=\"tableRow1\">\n<th class=\"rowHeader\" scope=\"row\">Protein</th><td class=\"tableRow1\">5.4g</td><td class=\"tableRow1\">1.6g</td><td class=\"tableRow1\">3%</td>\n</tr>\n<tr class=\"tableRow0\">\n<th class=\"rowHeader\" scope=\"row\">Salt</th><td class=\"tableRow0\">0.55g</td><td class=\"nutritionLevel2\">0.17g</td><td class=\"nutritionLevel2\">3%</td>\n</tr>\n</table>\n</div>\n<p>RI= Reference Intakes of an average adult (8400kJ / 2000kcal)</p>\n<p>This pack contains approx 8 servings</p>\n</div>\n</div>", "PricePerMeasureMeasure": "kg", "Description": "<div class=\"productText\">\n<p>Full Fat Organic Soft Cheese</p>\n<p>\n            \u00a0\n            </p>\n<p>\n<p>a full fat soft cheese</p>\n</p>\n</div>", "img": "/wcsstore7.30.4.18/ExtendedSitesCatalogAssetStore/images/catalog/productImages/18/0000001810318/0000001810318_L.jpeg", "Ingredients": "<div class=\"productText\">\n<p>Organic Full Fat Soft Cheese (Cows' <strong>Milk</strong>)<br><br>\u00a0\n\u00a0\n</br></br></p>\n</div>", "Country of Origin": "<div class=\"productText\"><p>Produced in Denmark</p></div>", "pricePerUnit": "1.50", "title": "Sainsbury's Soft Cheese, SO Organic 250g", "Storage": "<div class=\"productText\">\n<p>For best before date: see front of pack. Keep refrigerated, once opened consume \nwithin 3 days. Do not freeze.</p>\n</div>", "Packaging": "<div class=\"productText\">\n<p>Polypropylene tub</p>\n<p>Aluminium foil lid</p>\n<p>RPET / PET overlid</p>\n</div>", "PricePerMeasure": "6.00", "Dietary Information": "<div class=\"productText\">\n<p>Allergy Advice<br/>For allergens, see ingredients in <strong>bold</strong></p>\n</div>", "Error": "", "Size": "<div class=\"productText\">\n<p>250gram</p>\n</div>", "pricePerUnitUnit": "unit", "Manufacturer": "<div class=\"productText\">\n<p>We are happy to replace this item if it is not satisfactory</p>\n<p>Sainsbury's Supermarkets Ltd.</p>\n<p>33 Holborn, London EC1N 2HT</p>\n<p>Customer services 0800 636262</p>\n</div>"}, {"Preparation": "<div class=\"itemTypeGroupContainer productText\" style=\"page-break-inside : avoid\">\n<h3 class=\"printOnlyBlock partHead\">Preparation</h3>\n<div class=\"itemTypeGroup\">\n<div class=\"memo\">\n<p>Alpro\u00ae vanilla custard is delicious hot or cold, on its own, with fruit or poured over your favourite pudding.</p>\n</div>\n<div class=\"nameTextLookups\">\n<p class=\"nameTextItem\">\n<span class=\"nameTextItemHead\">Cooking instructions: General</span>\n<p>Microwave ovens vary. The following is a guide only.<br>Check that product is hot before serving.</br></p>\n</p>\n<p class=\"nameTextItem\">\n<span class=\"nameTextItemHead\">Microwave: From Chilled</span>\n<p>Microwave in 2 minutes.<br>1. Empty contents in a large microwaveable bowl.<br>2. Heat on full power for: Cat E 800 w: 1 min<br>3. Stir well.<br>4. Heat on full power for a further:<br>Cat E 800 w: 1 min</br></br></br></br></br></p>\n</p>\n<p class=\"nameTextItem\">\n<span class=\"nameTextItemHead\">Hob: From Chilled</span>\n<p>Heat in 3 minutes.<br>1. Empty contents into a saucepan.<br>2. Heat gently over a low heat for for 2-3 minutes, stirring continuously.<br>3. Do not allow to boil.</br></br></br></p>\n</p>\n</div>\n</div>\n</div>", "Nutrition": "<div class=\"itemTypeGroupContainer productText\" style=\"page-break-inside : avoid\">\n<div class=\"itemTypeGroup\">\n<div class=\"textualNutrition\">\n<h3>Nutrition</h3>\n<div class=\"nutritionalContentSummary\">\n<ul class=\"lozengeBlock\">\n<li class=\"lozenge energy energy\">\n<div class=\"lozengeHeaderSection\">\n<h3 class=\"lozengeTitle\">ENERGY</h3>\n<p>101kcal</p>\n</div>\n<div class=\"percentage\">\n<p>5%</p>\n</div>\n<p class=\"access\">energy</p>\n</li>\n<li class=\"lozenge energy fat\">\n<div class=\"lozengeHeaderSection\">\n<h3 class=\"lozengeTitle\">FAT</h3>\n<p>2.1g</p>\n</div>\n<div class=\"percentage\">\n<p>3%</p>\n</div>\n<p class=\"access\">energy</p>\n</li>\n<li class=\"lozenge energy saturates\">\n<div class=\"lozengeHeaderSection\">\n<h3 class=\"lozengeTitle\">SATURATES</h3>\n<p>0.4g</p>\n</div>\n<div class=\"percentage\">\n<p>2%</p>\n</div>\n<p class=\"access\">energy</p>\n</li>\n<li class=\"lozenge energy sugars\">\n<div class=\"lozengeHeaderSection\">\n<h3 class=\"lozengeTitle\">SUGARS</h3>\n<p>12.5g</p>\n</div>\n<div class=\"percentage\">\n<p>14%</p>\n</div>\n<p class=\"access\">energy</p>\n</li>\n<li class=\"lozenge energy salt\">\n<div class=\"lozengeHeaderSection\">\n<h3 class=\"lozengeTitle\">SALT</h3>\n<p>0.18g</p>\n</div>\n<div class=\"percentage\">\n<p>3%</p>\n</div>\n<p class=\"access\">energy</p>\n</li>\n</ul>\n<div class=\"lozengeFooter\">\n<p>RI*</p>\n<p>*Reference intake of an average adult (8 400 kJ / 2 000 kcal)</p>\n</div>\n</div>\n<p>\n<strong>Table of Nutritional Information</strong>\n</p>\n<div class=\"tableWrapper\" xmlns:asp=\"remove\">\n<table class=\"nutritionTable\">\n<thead>\n<tr>\n<th scope=\"col\"></th><th scope=\"col\">per 100 g</th><th scope=\"col\">*Reference intake</th>\n</tr>\n</thead>\n<tbody>\n<tr>\n<th class=\"rowHeader\" scope=\"row\">Energy </th><td>343 kJ /<br>81 kcal</br></td><td>8 400 kJ /<br> 2000 kcal</br></td>\n</tr>\n<tr>\n<th class=\"rowHeader\" scope=\"row\">Fat </th><td>1.7 g</td><td>70 g</td>\n</tr>\n<tr>\n<th colspan=\"3\" scope=\"row\"> of which</th>\n</tr>\n<tr>\n<th class=\"rowHeader\" scope=\"row\"> Saturates </th><td>0.3 g</td><td>20 g</td>\n</tr>\n<tr>\n<th class=\"rowHeader\" scope=\"row\">Carbohydrate </th><td>13.1 g</td><td>-</td>\n</tr>\n<tr>\n<th colspan=\"3\" scope=\"row\"> of which</th>\n</tr>\n<tr>\n<th class=\"rowHeader\" scope=\"row\"> Sugars </th><td>10 g</td><td>90 g</td>\n</tr>\n<tr>\n<th class=\"rowHeader\" scope=\"row\">Fibre </th><td>0.5 g</td><td>-</td>\n</tr>\n<tr>\n<th class=\"rowHeader\" scope=\"row\">Protein </th><td>3 g</td><td>-</td>\n</tr>\n<tr>\n<th class=\"rowHeader\" scope=\"row\">Salt </th><td>0.14 g</td><td>6 g</td>\n</tr>\n<tr>\n<th class=\"rowHeader\" scope=\"row\"> D </th><td>0.75 \u00b5g*</td><td>-</td>\n</tr>\n<tr>\n<th class=\"rowHeader\" scope=\"row\"> B12 </th><td>0.38 \u00b5g*</td><td>-</td>\n</tr>\n<tr>\n<th colspan=\"3\" scope=\"row\">Minerals</th>\n</tr>\n<tr>\n<th colspan=\"3\" scope=\"row\">* = 15% of the nutrient reference values</th>\n</tr>\n<tr>\n<th colspan=\"3\" scope=\"row\">These values are approximate due to the variations which occur in natural ingredients</th>\n</tr>\n<tr>\n<th class=\"rowHeader\" scope=\"row\">Lactose</th><td>0 g</td><td>-</td>\n</tr>\n</tbody>\n</table>\n</div>\n<div class=\"nameTextLookups\"></div>\n<p>\n<strong>Table of Vitamins and Minerals Information</strong>\n</p>\n<div class=\"tableWrapper\" xmlns:asp=\"remove\">\n<table class=\"nutritionTable\">\n<thead>\n<tr>\n<th scope=\"col\"></th><th scope=\"col\">per 100 g</th><th scope=\"col\">*Reference intake</th>\n</tr>\n</thead>\n<tbody>\n<tr>\n<th colspan=\"3\" scope=\"row\">Vitamins:</th>\n</tr>\n<tr>\n<th class=\"rowHeader\" scope=\"row\"> Riboflavin (B2) </th><td>0.21 mg*</td><td>-</td>\n</tr>\n<tr>\n<th class=\"rowHeader\" scope=\"row\">Calcium </th><td>120 mg*</td><td>-</td>\n</tr>\n</tbody>\n</table>\n</div>\n</div>\n</div>\n</div>", "PricePerMeasureMeasure": "100g", "Description": "<div class=\"itemTypeGroupContainer productText\" style=\"page-break-inside : avoid\">\n<h3>Description</h3>\n<div class=\"memo\">\n<p>Soya custard, vanilla flavour, with added calcium &amp; vitamins.</p>\n</div>\n<div class=\"longTextItems\">\n<p>Deliciously dairy free</p>\n<p>Naturally low in fat &amp; free from animal fat</p>\n<p>Free from dairy, gluten and wheat</p>\n<p>Nutritious and a source of high-quality soya protein, contributing to muscle maintenance</p>\n<p>Naturally lactose free</p>\n<p>Sustainability non-GMO soya</p>\n<p>Free from colours &amp; preservatives</p>\n<p>Suitable for vegans</p>\n</div>\n<div class=\"itemTypeGroup\">\n<div class=\"memo\">\n<p>A varied, balanced diet and a healthy lifestyle is recommended for good health.<br>\n<br>Good for the planet<br>Alpro\u00ae soya products use less land and less water and generate less CO2 than dairy products.<br>\n<br>Alpro Caring for People &amp; Planet</br></br></br></br></br></p>\n</div>\n</div>\n</div>", "img": "/wcsstore7.30.4.18/ExtendedSitesCatalogAssetStore/images/catalog/productImages/42/5411188553342/5411188553342_L.jpeg", "Ingredients": "<div class=\"itemTypeGroupContainer productText\" style=\"page-break-inside : avoid\">\n<div class=\"itemTypeGroup\">\n<div class=\"longTextItems\">\n<h3 class=\"itemHeader\">Ingredients</h3>\n<ul class=\"productIngredients\">\n<li>Water, </li>\n<li>Sugar, </li>\n<li>Hulled <span style=\"font-weight: bold;\">Soya Beans</span> (6%), </li>\n<li>Thickeners (Modified Tapioca Starch, Carrageenan), </li>\n<li>Tri-Calcium Phosphate, </li>\n<li>Flavouring, </li>\n<li>Sea Salt, </li>\n<li>Curcuma Extract, </li>\n<li>Vitamins (Riboflavin (B2), B12, D2)</li>\n</ul>\n</div>\n</div>\n</div>", "Country of Origin": "<div class=\"itemTypeGroupContainer productText\" style=\"page-break-inside : avoid\">\n<h3 class=\"printOnlyBlock partHead\">Country of Origin</h3>\n<div class=\"itemTypeGroup\">\n<div class=\"nameLookups\">\n<p>Country of origin: Produce of the EU</p>\n</div>\n<div class=\"nameTextItems\">\n<p>Made in the EU</p>\n</div>\n</div>\n</div>", "pricePerUnit": "0.90", "title": "Alpro Custard Dairy Free 525g", "Storage": "<div class=\"itemTypeGroupContainer productText\" style=\"page-break-inside : avoid\">\n<h3 class=\"printOnlyBlock partHead\">Storage</h3>\n<div class=\"itemTypeGroup\">\n<div class=\"memo\">\n<p>Refrigerate after opening and use within 5 days (max. 7\u00b0C). Do not freeze.</p>\n</div>\n<p class=\"statements\">\n<p>Do Not Freeze</p>\n</p>\n</div>\n</div>", "Packaging": "<div class=\"itemTypeGroupContainer productText\" style=\"page-break-inside : avoid\">\n<h3 class=\"printOnlyBlock partHead\">Packaging</h3>\n<div class=\"itemTypeGroup\">\n<div class=\"nameLookups\">\n<p>Carton</p>\n</div>\n</div>\n</div>", "PricePerMeasure": "0.17", "Dietary Information": "<div class=\"itemTypeGroupContainer productText\" style=\"page-break-inside : avoid\">\n<h3>Dietary Information</h3>\n<div class=\"itemTypeGroup\">\n<p class=\"statements\">\n<p>Low Fat</p>\n<p>Suitable for Vegans</p>\n</p>\n<div class=\"memo\">\n<p></p>\n</div>\n<div class=\"nameLookups\">\n<p>Free From Gluten</p>\n<p>Free From Wheat</p>\n<p>Free From Lactose</p>\n<p>Free From Dairy</p>\n<p>May Contain Almonds</p>\n<p>May Contain Hazelnuts</p>\n<p>Contains Soya</p>\n</div>\n<div class=\"nameLookups\">\n<p>Free From Genetically Modified Ingredients</p>\n<p>Free From Preservatives</p>\n<p>Free From Colours</p>\n</div>\n</div>\n</div>", "Error": "", "pricePerUnitUnit": "unit", "Manufacturer": "<div class=\"itemTypeGroupContainer productText\" style=\"page-break-inside : avoid\">\n<h3 class=\"printOnlyBlock partHead\">Manufacturer</h3>\n<div class=\"itemTypeGroup\">\n<div class=\"memo\">\n<p>Made for:<br>Alpro (UK) Ltd,<br>Northants,<br>NN15 5YT.</br></br></br></p>\n</div>\n</div>\n</div>"}, {"Preparation": "<div class=\"itemTypeGroupContainer productText\" style=\"page-break-inside : avoid\">\n<h3 class=\"printOnlyBlock partHead\">Preparation</h3>\n<div class=\"itemTypeGroup\">\n<div class=\"memo\">\n<p>Best served chilled.<br>\n<br>Can be introduced as part of a healthy balanced diet from 1 year of age.<br>Suitable as main milk alternative from 2 years.</br></br></br></p>\n</div>\n</div>\n</div>", "Nutrition": "<div class=\"itemTypeGroupContainer productText\" style=\"page-break-inside : avoid\">\n<div class=\"itemTypeGroup\">\n<div class=\"textualNutrition\">\n<h3>Nutrition</h3>\n<div class=\"nutritionalContentSummary\">\n<ul class=\"lozengeBlock\">\n<li class=\"lozenge energy energy\">\n<div class=\"lozengeHeaderSection\">\n<h3 class=\"lozengeTitle\">ENERGY</h3>\n<p>54kcal</p>\n</div>\n<div class=\"percentage\">\n<p>3%</p>\n</div>\n<p class=\"access\">energy</p>\n</li>\n<li class=\"lozenge energy fat\">\n<div class=\"lozengeHeaderSection\">\n<h3 class=\"lozengeTitle\">FAT</h3>\n<p>2.4g</p>\n</div>\n<div class=\"percentage\">\n<p>3%</p>\n</div>\n<p class=\"access\">energy</p>\n</li>\n<li class=\"lozenge energy saturates\">\n<div class=\"lozengeHeaderSection\">\n<h3 class=\"lozengeTitle\">SATURATES</h3>\n<p>0.4g</p>\n</div>\n<div class=\"percentage\">\n<p>2%</p>\n</div>\n<p class=\"access\">energy</p>\n</li>\n<li class=\"lozenge energy sugars\">\n<div class=\"lozengeHeaderSection\">\n<h3 class=\"lozengeTitle\">SUGARS</h3>\n<p>2.8g</p>\n</div>\n<div class=\"percentage\">\n<p>3%</p>\n</div>\n<p class=\"access\">energy</p>\n</li>\n<li class=\"lozenge energy salt\">\n<div class=\"lozengeHeaderSection\">\n<h3 class=\"lozengeTitle\">SALT</h3>\n<p>0.22g</p>\n</div>\n<div class=\"percentage\">\n<p>4%</p>\n</div>\n<p class=\"access\">energy</p>\n</li>\n</ul>\n<div class=\"lozengeFooter\">\n<p>RI*</p>\n<p>*Reference intake of an average adult (8 400 kJ/2 000 kcal)</p>\n</div>\n</div>\n<p>\n<strong>Table of Nutritional Information</strong>\n</p>\n<div class=\"tableWrapper\" xmlns:asp=\"remove\">\n<table class=\"nutritionTable\">\n<thead>\n<tr>\n<th scope=\"col\"></th><th scope=\"col\">per 100 ml</th><th scope=\"col\">Reference intake Adults</th>\n</tr>\n</thead>\n<tbody>\n<tr>\n<th class=\"rowHeader\" scope=\"row\">Energy </th><td>114 kJ /<br>27 kcal</br></td><td>8400 kJ/<br>2000 kcal</br></td>\n</tr>\n<tr>\n<th class=\"rowHeader\" scope=\"row\">Fat </th><td>1.2 g</td><td>70 g</td>\n</tr>\n<tr>\n<th colspan=\"3\" scope=\"row\"> of which</th>\n</tr>\n<tr>\n<th class=\"rowHeader\" scope=\"row\">Saturates</th><td>0.2 g</td><td>20 g</td>\n</tr>\n<tr>\n<th class=\"rowHeader\" scope=\"row\">Carbohydrate </th><td>1.6 g</td><td>-</td>\n</tr>\n<tr>\n<th colspan=\"3\" scope=\"row\"> of which </th>\n</tr>\n<tr>\n<th class=\"rowHeader\" scope=\"row\">Sugars</th><td>1.4 g</td><td>90 g</td>\n</tr>\n<tr>\n<th class=\"rowHeader\" scope=\"row\">Fibre </th><td>0.9 g</td><td>-</td>\n</tr>\n<tr>\n<th class=\"rowHeader\" scope=\"row\">Protein </th><td>2.1 g</td><td>-</td>\n</tr>\n<tr>\n<th class=\"rowHeader\" scope=\"row\">Salt </th><td>0.11 g</td><td>6 g</td>\n</tr>\n<tr>\n<th class=\"rowHeader\" scope=\"row\">D </th><td>0.75 \u00b5g *</td><td>-</td>\n</tr>\n<tr>\n<th class=\"rowHeader\" scope=\"row\">B12 </th><td>0.38 \u00b5g *</td><td>-</td>\n</tr>\n<tr>\n<th colspan=\"3\" scope=\"row\">Minerals:</th>\n</tr>\n<tr>\n<th colspan=\"3\" scope=\"row\">*=15% of the nutrient reference values</th>\n</tr>\n<tr>\n<th colspan=\"3\" scope=\"row\">These values are approximate due to the variations which occur in natural ingredients</th>\n</tr>\n<tr>\n<th class=\"rowHeader\" scope=\"row\">Lactose</th><td>nil</td><td>-</td>\n</tr>\n<tr>\n<th colspan=\"3\" scope=\"row\">This pack contains 5 servings</th>\n</tr>\n</tbody>\n</table>\n</div>\n<div class=\"nameTextLookups\"></div>\n<p>\n<strong>Table of Vitamins and Minerals Information</strong>\n</p>\n<div class=\"tableWrapper\" xmlns:asp=\"remove\">\n<table class=\"nutritionTable\">\n<thead>\n<tr>\n<th scope=\"col\"></th><th scope=\"col\">per 100 ml</th><th scope=\"col\">Reference intake Adults</th>\n</tr>\n</thead>\n<tbody>\n<tr>\n<th colspan=\"3\" scope=\"row\">Vitamins:</th>\n</tr>\n<tr>\n<th class=\"rowHeader\" scope=\"row\">Riboflavin (B2) </th><td>0.21 mg *</td><td>-</td>\n</tr>\n<tr>\n<th class=\"rowHeader\" scope=\"row\">Calcium </th><td>120 mg *</td><td>-</td>\n</tr>\n</tbody>\n</table>\n</div>\n</div>\n</div>\n</div>", "PricePerMeasureMeasure": "ltr", "Description": "<div class=\"itemTypeGroupContainer productText\" style=\"page-break-inside : avoid\">\n<h3>Description</h3>\n<div class=\"memo\">\n<p>Reduced calorie* soya drink with added calcium and vitamins.<br>*Compared to Alpro Soya Original.</br></p>\n</div>\n<div class=\"longTextItems\">\n<p>Enjoy plant power</p>\n<p>Source of fibre</p>\n<p>+ Calcium &amp; vit. B2, B12, D</p>\n<p>Nutritious and a source of high-quality soya protein, which contributes to muscle maintenance</p>\n<p>Easy to digest as naturally lactose free</p>\n<p>Naturally low in saturated fat and free from animal fat</p>\n<p>Free from colours and preservatives</p>\n<p>Suitable for vegans</p>\n</div>\n<div class=\"itemTypeGroup\">\n<div class=\"memo\">\n<p>Can life be all sweetness and light?<br>Yes!<br>With 54 calories in every glass (200ml) of Alpro\u00ae Soya Light, you can splash and pour to your heart's content. Lighten up your cereals, smoothies, coffee and tea or simply enjoy its creamy flavour all on its own.</br></br></p>\n</div>\n<div class=\"memo\">\n<p>Good for the planet<br>Alpro\u00ae drinks use less and less water and generate less CO2 than dairy milk.<br>Alpro<br>Caring for People &amp; Planet</br></br></br></p>\n</div>\n<div class=\"memo\">\n<p>Tetra Pak\u00ae<br>Tetra Brik\u00ae Aseptic</br></p>\n</div>\n</div>\n</div>", "img": "/wcsstore7.30.4.18/ExtendedSitesCatalogAssetStore/images/catalog/productImages/97/5411188097297/5411188097297_L.jpeg", "Ingredients": "<div class=\"itemTypeGroupContainer productText\" style=\"page-break-inside : avoid\">\n<div class=\"itemTypeGroup\">\n<div class=\"longTextItems\">\n<h3 class=\"itemHeader\">Ingredients</h3>\n<ul class=\"productIngredients\">\n<li>Water, </li>\n<li>Hulled <span style=\"font-weight: bold;\">Soya Beans</span> (4.1%), </li>\n<li>Maltodextrin (Fibre), </li>\n<li>Fructose, </li>\n<li>Sugar, </li>\n<li>Calcium (Calcium Carbonate), </li>\n<li>Acidity Regulator (Mono-Potassium Phosphate), </li>\n<li>Sea Salt, </li>\n<li>Flavouring, </li>\n<li>Stabiliser (Gellan Gum), </li>\n<li>Vitamins (Riboflavin (B2), B12, D2), </li>\n<li>Natural Flavouring</li>\n</ul>\n</div>\n</div>\n</div>", "Country of Origin": "<div class=\"itemTypeGroupContainer productText\" style=\"page-break-inside : avoid\">\n<h3 class=\"printOnlyBlock partHead\">Country of Origin</h3>\n<div class=\"itemTypeGroup\">\n<div class=\"nameLookups\">\n<p>Country of origin: Produce of the EU</p>\n</div>\n<div class=\"nameTextItems\">\n<p>Made in the EU</p>\n</div>\n</div>\n</div>", "pricePerUnit": "1.40", "title": "Alpro Dairy Free Milk Alternative Longlife Soya, Light 1L", "Storage": "<div class=\"itemTypeGroupContainer productText\" style=\"page-break-inside : avoid\">\n<h3 class=\"printOnlyBlock partHead\">Storage</h3>\n<div class=\"itemTypeGroup\">\n<div class=\"memo\">\n<p>Once opened, keep refrigerated and consume within 5 days of opening and before 'best before' date.<br>Do not freeze!</br></p>\n</div>\n<p class=\"statements\">\n<p>Do Not Freeze</p>\n</p>\n</div>\n</div>", "Packaging": "<div class=\"itemTypeGroupContainer productText\" style=\"page-break-inside : avoid\">\n<h3 class=\"printOnlyBlock partHead\">Packaging</h3>\n<div class=\"itemTypeGroup\">\n<div class=\"nameLookups\">\n<p>Carton</p>\n</div>\n</div>\n</div>", "PricePerMeasure": "1.40", "Dietary Information": "<div class=\"itemTypeGroupContainer productText\" style=\"page-break-inside : avoid\">\n<h3>Dietary Information</h3>\n<div class=\"itemTypeGroup\">\n<p class=\"statements\">\n<p>Suitable for Vegans</p>\n</p>\n<div class=\"memo\">\n<p></p>\n</div>\n<div class=\"nameLookups\">\n<p>Free From Gluten</p>\n<p>Free From Wheat</p>\n<p>Free From Lactose</p>\n<p>Free From Dairy</p>\n<p>May Contain Almonds</p>\n<p>May Contain Hazelnuts</p>\n<p>Contains Soya</p>\n</div>\n<div class=\"nameLookups\">\n<p>Free From Preservatives</p>\n<p>Free From Colours</p>\n</div>\n</div>\n</div>", "Error": "", "pricePerUnitUnit": "unit", "Manufacturer": "<div class=\"itemTypeGroupContainer productText\" style=\"page-break-inside : avoid\">\n<h3 class=\"printOnlyBlock partHead\">Manufacturer</h3>\n<div class=\"itemTypeGroup\">\n<div class=\"memo\">\n<p>Made for:<br>Alpro (UK) Ltd,<br>Northants,<br>NN15 5YT.</br></br></br></p>\n</div>\n</div>\n</div>"}, {"Preparation": "<div class=\"itemTypeGroupContainer productText\" style=\"page-break-inside : avoid\">\n<h3 class=\"printOnlyBlock partHead\">Preparation</h3>\n<div class=\"itemTypeGroup\">\n<div class=\"memo\">\n<p>Perfect to use in pasta dishes, soups, sauces and to complement your desserts.<br>\n<br>This product is not whippable.</br></br></p>\n</div>\n</div>\n</div>", "Nutrition": "<div class=\"itemTypeGroupContainer productText\" style=\"page-break-inside : avoid\">\n<div class=\"itemTypeGroup\">\n<div class=\"textualNutrition\">\n<h3>Nutrition</h3>\n<p>\n<strong>Table of Nutritional Information</strong>\n</p>\n<div class=\"tableWrapper\" xmlns:asp=\"remove\">\n<table class=\"nutritionTable\">\n<thead>\n<tr>\n<th scope=\"col\"></th><th scope=\"col\">per 100 g</th>\n</tr>\n</thead>\n<tbody>\n<tr>\n<th class=\"rowHeader\" scope=\"row\">Energy </th><td>623 kJ /<br> 151 kcal</br></td>\n</tr>\n<tr>\n<th class=\"rowHeader\" scope=\"row\">Fat </th><td>15.0 g</td>\n</tr>\n<tr>\n<th scope=\"row\"> of which</th><td>1.7 g</td>\n</tr>\n<tr>\n<th colspan=\"2\" scope=\"row\"> Saturates</th>\n</tr>\n<tr>\n<th class=\"rowHeader\" scope=\"row\"> Mono-unsaturates</th><td>4.5 g</td>\n</tr>\n<tr>\n<th class=\"rowHeader\" scope=\"row\"> Poly-unsaturates</th><td>8.8 g</td>\n</tr>\n<tr>\n<th class=\"rowHeader\" scope=\"row\">Carbohydrate </th><td>1.2 g</td>\n</tr>\n<tr>\n<th scope=\"row\"> of which</th><td>1.2 g</td>\n</tr>\n<tr>\n<th colspan=\"2\" scope=\"row\"> Sugars</th>\n</tr>\n<tr>\n<th class=\"rowHeader\" scope=\"row\">Fibre </th><td>0.3 g</td>\n</tr>\n<tr>\n<th class=\"rowHeader\" scope=\"row\">Protein </th><td>2.0 g</td>\n</tr>\n<tr>\n<th class=\"rowHeader\" scope=\"row\">Salt </th><td>0.14 g</td>\n</tr>\n<tr>\n<th class=\"rowHeader\" scope=\"row\">Lactose</th><td>nil</td>\n</tr>\n<tr>\n<th colspan=\"2\" scope=\"row\">These values are approximate due to the variations which occur in natural ingredients</th>\n</tr>\n</tbody>\n</table>\n</div>\n<div class=\"nameTextLookups\"></div>\n</div>\n</div>\n</div>", "PricePerMeasureMeasure": "ltr", "Description": "<div class=\"itemTypeGroupContainer productText\" style=\"page-break-inside : avoid\">\n<h3>Description</h3>\n<div class=\"memo\">\n<p>Soya based culinary liquid, alternative to single cream.</p>\n</div>\n<div class=\"longTextItems\">\n<p>100% plant-based</p>\n<p>Full of plant goodness</p>\n<p>Naturally lactose free</p>\n<p>Free from dairy and gluten</p>\n<p>Suitable for vegans</p>\n</div>\n<div class=\"itemTypeGroup\">\n<div class=\"memo\">\n<p>Less saturated fat*<br>*80% less saturated fat than single cream.</br></p>\n</div>\n<div class=\"memo\">\n<p>ProTerra Certified - Sustainability Non-GMO<br>\n<br>Discover our delicious recipes at: www.alpro.com/creativekitchen<br>\n<br>Like us even more on Facebook and Twitter: @alpro and #plantpower</br></br></br></br></p>\n</div>\n<p class=\"statements\">\n<p>FSC</p>\n<p>Vegan Society</p>\n</p>\n</div>\n</div>", "img": "/wcsstore7.30.4.18/ExtendedSitesCatalogAssetStore/images/catalog/productImages/28/5411188511328/5411188511328_L.jpeg", "Ingredients": "<div class=\"itemTypeGroupContainer productText\" style=\"page-break-inside : avoid\">\n<div class=\"itemTypeGroup\">\n<div class=\"longTextItems\">\n<h3 class=\"itemHeader\">Ingredients</h3>\n<ul class=\"productIngredients\">\n<li>Water, </li>\n<li>Sunflower Oil, </li>\n<li>Hulled <span style=\"font-weight: bold;\">Soya</span> Beans (4%), </li>\n<li>Sugar, </li>\n<li>Emulsifier (Sucrose Esters of Fatty Acids), </li>\n<li>Stabilisers (Xanthan Gum, Guar Gum, Garrageenan), </li>\n<li>Sea Salt, </li>\n<li>Flavouring</li>\n</ul>\n</div>\n</div>\n</div>", "Country of Origin": "<div class=\"itemTypeGroupContainer productText\" style=\"page-break-inside : avoid\">\n<h3 class=\"printOnlyBlock partHead\">Country of Origin</h3>\n<div class=\"itemTypeGroup\">\n<div class=\"nameLookups\">\n<p>Country of origin: Produce of the EU</p>\n</div>\n<div class=\"nameTextItems\">\n<p>Made in the EU</p>\n</div>\n</div>\n</div>", "pricePerUnit": "0.95", "title": "Alpro Plant-Based UHT Single Soya, Alternative to Single Cream 250ml", "Storage": "<div class=\"itemTypeGroupContainer productText\" style=\"page-break-inside : avoid\">\n<h3 class=\"printOnlyBlock partHead\">Storage</h3>\n<div class=\"itemTypeGroup\">\n<div class=\"memo\">\n<p>Once opened, keep refrigerated and consume within 5 days of opening and before 'best before' date (see top of pack).<br>Do not freeze.</br></p>\n</div>\n<p class=\"statements\">\n<p>Do Not Freeze</p>\n</p>\n</div>\n</div>", "Packaging": "<div class=\"itemTypeGroupContainer productText\" style=\"page-break-inside : avoid\">\n<h3 class=\"printOnlyBlock partHead\">Packaging</h3>\n<div class=\"itemTypeGroup\">\n<div class=\"nameLookups\">\n<p>Carton</p>\n</div>\n</div>\n</div>", "PricePerMeasure": "3.80", "Dietary Information": "<div class=\"itemTypeGroupContainer productText\" style=\"page-break-inside : avoid\">\n<h3>Dietary Information</h3>\n<div class=\"itemTypeGroup\">\n<p class=\"statements\">\n<p>Suitable for Vegans</p>\n</p>\n<div class=\"memo\">\n<p></p>\n</div>\n<div class=\"nameLookups\">\n<p>Free From Dairy</p>\n<p>Free From Gluten</p>\n<p>Free From Lactose</p>\n<p>Contains Soya</p>\n</div>\n</div>\n</div>", "Error": "", "pricePerUnitUnit": "unit", "Manufacturer": "<div class=\"itemTypeGroupContainer productText\" style=\"page-break-inside : avoid\">\n<h3 class=\"printOnlyBlock partHead\">Manufacturer</h3>\n<div class=\"itemTypeGroup\">\n<div class=\"memo\">\n<p>Made for:<br>Alpro (UK) Ltd,<br>Northants,<br>NN15 5YT.</br></br></br></p>\n</div>\n</div>\n</div>"}, {"Nutrition": "<div class=\"itemTypeGroupContainer productText\" style=\"page-break-inside : avoid\">\n<div class=\"itemTypeGroup\">\n<div class=\"textualNutrition\">\n<h3>Nutrition</h3>\n<div class=\"nutritionalContentSummary\">\n<ul class=\"lozengeBlock\">\n<li class=\"lozenge energy energy\">\n<div class=\"lozengeHeaderSection\">\n<h3 class=\"lozengeTitle\">ENERGY</h3>\n<p>495 kJ</p>\n<p>118 kcal</p>\n</div>\n<div class=\"percentage\">\n<p>6%</p>\n</div>\n<p class=\"access\">energy</p>\n</li>\n</ul>\n<div class=\"lozengeFooter\">\n<p>100 g: 396 kJ / 94 kcal</p>\n<p>Reference intake of an average adult (8 400 kJ / 2 000 kcal)</p>\n</div>\n</div>\n<p>\n<strong>Table of Nutritional Information</strong>\n</p>\n<div class=\"tableWrapper\" xmlns:asp=\"remove\">\n<table class=\"nutritionTable\">\n<thead>\n<tr>\n<th scope=\"col\"></th><th scope=\"col\">per 100 g</th>\n</tr>\n</thead>\n<tbody>\n<tr>\n<th class=\"rowHeader\" scope=\"row\">Energy </th><td>396 kJ /<br> 94 kcal</br></td>\n</tr>\n<tr>\n<th class=\"rowHeader\" scope=\"row\">Fat </th><td>2.3 g</td>\n</tr>\n<tr>\n<th colspan=\"2\" scope=\"row\"> of which</th>\n</tr>\n<tr>\n<th class=\"rowHeader\" scope=\"row\">Saturates </th><td>0.8 g</td>\n</tr>\n<tr>\n<th class=\"rowHeader\" scope=\"row\">Carbohydrate </th><td>14.7 g</td>\n</tr>\n<tr>\n<th colspan=\"2\" scope=\"row\">of which </th>\n</tr>\n<tr>\n<th class=\"rowHeader\" scope=\"row\">Sugars </th><td>11.8 g</td>\n</tr>\n<tr>\n<th class=\"rowHeader\" scope=\"row\">Fibre </th><td>1.4 g</td>\n</tr>\n<tr>\n<th class=\"rowHeader\" scope=\"row\">Protein </th><td>3.0 g</td>\n</tr>\n<tr>\n<th class=\"rowHeader\" scope=\"row\">Salt </th><td>0.14 g</td>\n</tr>\n<tr>\n<th class=\"rowHeader\" scope=\"row\">D </th><td>0.75 \u00b5g*</td>\n</tr>\n<tr>\n<th class=\"rowHeader\" scope=\"row\">B12 </th><td>0.38 \u00b5g*</td>\n</tr>\n<tr>\n<th colspan=\"2\" scope=\"row\">Minerals:</th>\n</tr>\n<tr>\n<th colspan=\"2\" scope=\"row\">*= 15% of the nutrient reference values</th>\n</tr>\n<tr>\n<th colspan=\"2\" scope=\"row\">These values are approximate due to the variations which occur in natural ingredients</th>\n</tr>\n<tr>\n<th class=\"rowHeader\" scope=\"row\">Lactose</th><td>0 g</td>\n</tr>\n</tbody>\n</table>\n</div>\n<div class=\"nameTextLookups\"></div>\n<p>\n<strong>Table of Vitamins and Minerals Information</strong>\n</p>\n<div class=\"tableWrapper\" xmlns:asp=\"remove\">\n<table class=\"nutritionTable\">\n<thead>\n<tr>\n<th scope=\"col\"></th><th scope=\"col\">per 100 g</th>\n</tr>\n</thead>\n<tbody>\n<tr>\n<th colspan=\"2\" scope=\"row\">Vitamins:</th>\n</tr>\n<tr>\n<th class=\"rowHeader\" scope=\"row\">Riboflavin (B2) </th><td>0.21 mg*</td>\n</tr>\n<tr>\n<th class=\"rowHeader\" scope=\"row\">Calcium </th><td>120 mg*</td>\n</tr>\n</tbody>\n</table>\n</div>\n</div>\n</div>\n</div>", "PricePerMeasureMeasure": "100g", "Description": "<div class=\"itemTypeGroupContainer productText\" style=\"page-break-inside : avoid\">\n<h3>Description</h3>\n<div class=\"memo\">\n<p>Soya dessert, dark chocolate, with added calcium and vitamins.</p>\n</div>\n<div class=\"longTextItems\">\n<p>Enjoy plant power</p>\n<p>Made in Belgium</p>\n<p>Naturally low in fat</p>\n<p>100% plant-based</p>\n<p>Nutritious and a source of high-quality soya protein, contributing to muscle maintenance</p>\n<p>Easy to digest as naturally lactose free</p>\n<p>Proterra certified - sustainability non-GMO soya</p>\n<p>Free from dairy, gluten and wheat</p>\n<p>Free from colours &amp; preservatives</p>\n<p>Suitable for vegans</p>\n</div>\n<div class=\"itemTypeGroup\">\n<div class=\"memo\">\n<p>A varied, balanced diet and a healthy lifestyle is recommended for good health.<br>\n<br>Good for the planet<br>Alpro\u00ae products use less land and water and generate less CO2 than dairy products.<br>Caring for people &amp; planet</br></br></br></br></p>\n</div>\n<div class=\"memo\">\n<p>Packed in a protective atmosphere.</p>\n</div>\n<p class=\"statements\">\n<p>Vegan Society</p>\n</p>\n</div>\n</div>", "img": "/wcsstore7.30.4.18/ExtendedSitesCatalogAssetStore/images/catalog/productImages/59/5411188094159/5411188094159_L.jpeg", "Ingredients": "<div class=\"itemTypeGroupContainer productText\" style=\"page-break-inside : avoid\">\n<div class=\"itemTypeGroup\">\n<div class=\"longTextItems\">\n<h3 class=\"itemHeader\">Ingredients</h3>\n<ul class=\"productIngredients\">\n<li>Water, </li>\n<li>Sugar, </li>\n<li>Hulled <span style=\"font-weight: bold;\">Soya</span> Beans (6%), </li>\n<li>Thickeners (Modified Tapioca Starch, Carrageenan), </li>\n<li>Cocoa (3%), </li>\n<li>Chocolate (1.1%) (Sugar, Cocoa Mass, Fat-Reduced Cocoa Powder) Natural Vanilla Flavouring), </li>\n<li>Tri-Calcium Phosphate, </li>\n<li>Flavouring, </li>\n<li>Sea Salt, </li>\n<li>Vitamins (Riboflavin (B2), B12, D2)</li>\n</ul>\n</div>\n</div>\n</div>", "Country of Origin": "<div class=\"itemTypeGroupContainer productText\" style=\"page-break-inside : avoid\">\n<h3 class=\"printOnlyBlock partHead\">Country of Origin</h3>\n<div class=\"itemTypeGroup\">\n<div class=\"nameLookups\">\n<p>Country of origin: Produce of the EU</p>\n</div>\n<div class=\"nameTextItems\">\n<p>Made in the EU</p>\n</div>\n</div>\n</div>", "pricePerUnit": "1.25", "title": "Alpro Dessert Dark Chocolate 4x125g", "Storage": "<div class=\"itemTypeGroupContainer productText\" style=\"page-break-inside : avoid\">\n<h3 class=\"printOnlyBlock partHead\">Storage</h3>\n<div class=\"itemTypeGroup\">\n<div class=\"memo\">\n<p>Do not freeze.<br>Use before 'best before' date (see top of pack).</br></p>\n</div>\n<p class=\"statements\">\n<p>Do Not Freeze</p>\n</p>\n</div>\n</div>", "Packaging": "<div class=\"itemTypeGroupContainer productText\" style=\"page-break-inside : avoid\">\n<h3 class=\"printOnlyBlock partHead\">Packaging</h3>\n<div class=\"itemTypeGroup\">\n<div class=\"nameLookups\">\n<p>Sleeve</p>\n</div>\n</div>\n</div>", "PricePerMeasure": "0.25", "Dietary Information": "<div class=\"itemTypeGroupContainer productText\" style=\"page-break-inside : avoid\">\n<h3>Dietary Information</h3>\n<div class=\"itemTypeGroup\">\n<p class=\"statements\">\n<p>Low Fat</p>\n<p>Suitable for Vegans</p>\n</p>\n<div class=\"memo\">\n<p></p>\n</div>\n<div class=\"nameLookups\">\n<p>Free From Gluten</p>\n<p>Free From Wheat</p>\n<p>Free From Lactose</p>\n<p>Free From Dairy</p>\n<p>Contains Soya</p>\n</div>\n<div class=\"nameLookups\">\n<p>Free From Preservatives</p>\n<p>Free From Colours</p>\n</div>\n</div>\n</div>", "Error": "", "pricePerUnitUnit": "unit", "Manufacturer": "<div class=\"itemTypeGroupContainer productText\" style=\"page-break-inside : avoid\">\n<h3 class=\"printOnlyBlock partHead\">Manufacturer</h3>\n<div class=\"itemTypeGroup\">\n<div class=\"memo\">\n<p>Made for:<br>Alpro (UK) Ltd,<br>Northants,<br>NN15 5YT.</br></br></br></p>\n</div>\n</div>\n</div>"}, {"Preparation": "<div class=\"itemTypeGroupContainer productText\" style=\"page-break-inside : avoid\">\n<h3 class=\"printOnlyBlock partHead\">Preparation</h3>\n<div class=\"itemTypeGroup\">\n<div class=\"memo\">\n<p>Cook with it, bake with it or just spread it.</p>\n</div>\n<div class=\"longTextItems\">\n<p>Free from artificial additives</p>\n</div>\n</div>\n</div>", "Nutrition": "<div class=\"itemTypeGroupContainer productText\" style=\"page-break-inside : avoid\">\n<div class=\"itemTypeGroup\">\n<div class=\"textualNutrition\">\n<h3>Nutrition</h3>\n<div class=\"nutritionalContentSummary\">\n<ul class=\"lozengeBlock\">\n<li class=\"lozenge energy energy\">\n<div class=\"lozengeHeaderSection\">\n<h3 class=\"lozengeTitle\">ENERGY</h3>\n<p>202kJ</p>\n<p>49kcal</p>\n</div>\n<div class=\"percentage\">\n<p>2%</p>\n</div>\n<p class=\"access\">energy</p>\n</li>\n<li class=\"lozenge energy fat\">\n<div class=\"lozengeHeaderSection\">\n<h3 class=\"lozengeTitle\">FAT</h3>\n<p>5.4g</p>\n</div>\n<div class=\"percentage\">\n<p>8%</p>\n</div>\n<p class=\"access\">energy</p>\n</li>\n<li class=\"lozenge energy saturates\">\n<div class=\"lozengeHeaderSection\">\n<h3 class=\"lozengeTitle\">SATURATES</h3>\n<p>1.5g</p>\n</div>\n<div class=\"percentage\">\n<p>8%</p>\n</div>\n<p class=\"access\">energy</p>\n</li>\n<li class=\"lozenge energy sugars\">\n<div class=\"lozengeHeaderSection\">\n<h3 class=\"lozengeTitle\">SUGARS</h3>\n<p>&lt;0.5g</p>\n</div>\n<div class=\"percentage\">\n<p>&lt;1%</p>\n</div>\n<p class=\"access\">energy</p>\n</li>\n<li class=\"lozenge energy salt\">\n<div class=\"lozengeHeaderSection\">\n<h3 class=\"lozengeTitle\">SALT</h3>\n<p>&lt;0.1g</p>\n</div>\n<div class=\"percentage\">\n<p>2%</p>\n</div>\n<p class=\"access\">energy</p>\n</li>\n</ul>\n<div class=\"lozengeFooter\">\n<p>of the reference intake</p>\n<p>%RI *typical values per 100g 2019kJ/490kcal</p>\n<p>* RI - Reference Intake of an average adult (8400kJ/2000kcal)</p>\n</div>\n</div>\n<p>\n<strong>Table of Nutritional Information</strong>\n</p>\n<div class=\"tableWrapper\" xmlns:asp=\"remove\">\n<table class=\"nutritionTable\">\n<thead>\n<tr>\n<th scope=\"col\"></th><th scope=\"col\">per 100g</th><th scope=\"col\">per 10g</th><th scope=\"col\">RI%</th>\n</tr>\n</thead>\n<tbody>\n<tr>\n<th class=\"rowHeader\" scope=\"row\">Energy (kJ/kcal)</th><td>2019/<br>490</br></td><td>202/<br>49</br></td><td>2%</td>\n</tr>\n<tr>\n<th class=\"rowHeader\" scope=\"row\">Fat </th><td>54g</td><td>5.4g</td><td>8%</td>\n</tr>\n<tr>\n<th scope=\"row\"> of which saturates </th><td>14.8g</td><td>1.5g</td><td>8%</td>\n</tr>\n<tr>\n<th class=\"rowHeader\" scope=\"row\">Carbohydrate </th><td>1.0g</td><td>0.1g</td><td>-</td>\n</tr>\n<tr>\n<th scope=\"row\"> of which sugars </th><td>&lt;0.5g</td><td>&lt;0.5g</td><td>&lt;1%</td>\n</tr>\n<tr>\n<th class=\"rowHeader\" scope=\"row\">Protein </th><td>&lt;0.5g</td><td>&lt;0.5g</td><td>-</td>\n</tr>\n<tr>\n<th class=\"rowHeader\" scope=\"row\">Salt </th><td>0.75g</td><td>&lt;0.1g</td><td>2%</td>\n</tr>\n<tr>\n<th colspan=\"4\" scope=\"row\">* RI - Reference Intake of an average adult (8400kJ/2000kcal)</th>\n</tr>\n<tr>\n<th colspan=\"4\" scope=\"row\">This pack contains 50 Servings</th>\n</tr>\n</tbody>\n</table>\n</div>\n<div class=\"nameTextLookups\"></div>\n<p>\n<strong>Table of Vitamins and Minerals Information</strong>\n</p>\n<div class=\"tableWrapper\" xmlns:asp=\"remove\">\n<table class=\"nutritionTable\">\n<thead>\n<tr>\n<th scope=\"col\"></th><th scope=\"col\">per 100g</th><th scope=\"col\">per 10g</th><th scope=\"col\">RI%</th>\n</tr>\n</thead>\n<tbody>\n<tr>\n<th class=\"rowHeader\" scope=\"row\">Vitamin A </th><td>800\u00b5g (100% NRV)</td><td>80\u00b5g</td><td>10% NRV</td>\n</tr>\n<tr>\n<th class=\"rowHeader\" scope=\"row\">Vitamin D </th><td>7.5\u00b5g (150% NRV)</td><td>0.8\u00b5g</td><td>15% NRV</td>\n</tr>\n<tr>\n<th class=\"rowHeader\" scope=\"row\">Vitamin E </th><td>38mg (317% NRV)</td><td>3.8mg</td><td>32% NRV</td>\n</tr>\n<tr>\n<th class=\"rowHeader\" scope=\"row\">Vitamin B12 </th><td>5\u00b5g (200% NRV)</td><td>0.5\u00b5g</td><td>20% NRV</td>\n</tr>\n<tr>\n<th colspan=\"4\" scope=\"row\">Nutrient Reference Values (NRV)</th>\n</tr>\n</tbody>\n</table>\n</div>\n</div>\n</div>\n</div>", "PricePerMeasureMeasure": "kg", "Description": "<div class=\"itemTypeGroupContainer productText\" style=\"page-break-inside : avoid\">\n<h3>Description</h3>\n<div class=\"memo\">\n<p>Vegetable fat spread (54%)</p>\n</div>\n<div class=\"longTextItems\">\n<p>Suitable for freezing, baking, spreading and shallow frying</p>\n<p>Free from dairy products, GM ingredients, hydrogenated oils, artificial additives, emulsifiers and gluten</p>\n<p>No artificial colours or preservatives</p>\n<p>Suitable for vegans</p>\n</div>\n<div class=\"itemTypeGroup\">\n<div class=\"memo\">\n<p>72% less saturated fat than butter*<br>*Butter contains 54g of saturated fat per 100g</br></p>\n</div>\n<div class=\"memo\">\n<p>Seize some soya flavour and #eatfree<br>\n<br>Follow us on Instagram and Twitter</br></br></p>\n</div>\n</div>\n</div>", "img": "/wcsstore7.30.4.18/ExtendedSitesCatalogAssetStore/images/catalog/productImages/04/5010219200004/5010219200004_L.jpeg", "Ingredients": "<div class=\"itemTypeGroupContainer productText\" style=\"page-break-inside : avoid\">\n<div class=\"itemTypeGroup\">\n<div class=\"longTextItems\">\n<h3 class=\"itemHeader\">Ingredients</h3>\n<ul class=\"productIngredients\">\n<li>Water, </li>\n<li>Soya Oil (42%), </li>\n<li>Palm Oil, </li>\n<li>Flavouring, </li>\n<li>Salt (0.75%), </li>\n<li>Vitamin E, </li>\n<li>Vitamin A &amp; D, </li>\n<li>Colour (Carotenes), </li>\n<li>Vitamin B12</li>\n</ul>\n</div>\n</div>\n</div>", "Storage": "<div class=\"itemTypeGroupContainer productText\" style=\"page-break-inside : avoid\">\n<h3 class=\"printOnlyBlock partHead\">Storage</h3>\n<div class=\"itemTypeGroup\">\n<div class=\"memo\">\n<p>Keep refrigerated.<br>For best before see top of pack</br></p>\n</div>\n<p class=\"statements\">\n<p>Suitable for Home Freezing</p>\n<p>Keep Refrigerated</p>\n</p>\n</div>\n</div>", "pricePerUnit": "1.60", "title": "Pure Dairy Free Soya Spread 500g", "pricePerUnitUnit": "unit", "Packaging": "<div class=\"itemTypeGroupContainer productText\" style=\"page-break-inside : avoid\">\n<h3 class=\"printOnlyBlock partHead\">Packaging</h3>\n<div class=\"itemTypeGroup\">\n<div class=\"nameLookups\">\n<p>Tub</p>\n</div>\n</div>\n</div>", "PricePerMeasure": "3.20", "Dietary Information": "<div class=\"itemTypeGroupContainer productText\" style=\"page-break-inside : avoid\">\n<h3>Dietary Information</h3>\n<div class=\"itemTypeGroup\">\n<p class=\"statements\">\n<p>Suitable for Vegans</p>\n</p>\n<div class=\"memo\">\n<p></p>\n</div>\n<div class=\"nameLookups\">\n<p>Free From Dairy</p>\n<p>Free From Gluten</p>\n</div>\n<div class=\"nameLookups\">\n<p>Free From Additives</p>\n<p>Free From Artificial Colours</p>\n<p>Free From Artificial Preservatives</p>\n<p>Free From Genetically Modified Ingredients</p>\n</div>\n</div>\n</div>", "Error": "", "Manufacturer": "<div class=\"itemTypeGroupContainer productText\" style=\"page-break-inside : avoid\">\n<h3 class=\"printOnlyBlock partHead\">Manufacturer</h3>\n<div class=\"itemTypeGroup\">\n<div class=\"memo\">\n<p>Kerry Foods,<br>PO Box 118,<br>Caherciveen,<br>Co Kerry. (ROI)<br>\n<br>Kerry Foods,<br>PO Box 1246,<br>Warrington,<br>WA4 9QN. (Britain and NI)</br></br></br></br></br></br></br></br></p>\n</div>\n</div>\n</div>"}, {"Nutrition": "<div class=\"productText\">\n<div class=\"nutritionalContentSummary\">\n<h2 class=\"reference\">Per 30g serving Typical Analysis</h2>\n<ul class=\"lozengeBlock\">\n<li class=\"lozenge energy energy\">\n<div class=\"lozengeHeaderSection\">\n<h3 class=\"lozengeTitle\">ENERGY</h3>\n<p>490kJ</p>\n<p>118kcal</p>\n</div>\n<div class=\"percentage\">\n<p>6%</p>\n</div>\n<p class=\"access\">white</p>\n</li>\n<li class=\"lozenge high fat\">\n<div class=\"lozengeHeaderSection\">\n<h3 class=\"lozengeTitle\">FAT</h3>\n<p>9.6g</p>\n</div>\n<div class=\"percentage\">\n<p>14%</p>\n</div>\n<p class=\"access\">red</p>\n</li>\n<li class=\"lozenge high saturates\">\n<div class=\"lozengeHeaderSection\">\n<h3 class=\"lozengeTitle\">SATURATES</h3>\n<p>6.2g</p>\n</div>\n<div class=\"percentage\">\n<p>31%</p>\n</div>\n<p class=\"access\">red</p>\n</li>\n<li class=\"lozenge low sugars\">\n<div class=\"lozengeHeaderSection\">\n<h3 class=\"lozengeTitle\">SUGARS</h3>\n<p>&lt;0.5g</p>\n</div>\n<div class=\"percentage\">\n<p>&lt;1%</p>\n</div>\n<p class=\"access\">green</p>\n</li>\n<li class=\"lozenge high salt\">\n<div class=\"lozengeHeaderSection\">\n<h3 class=\"lozengeTitle\">SALT</h3>\n<p>0.54g</p>\n</div>\n<div class=\"percentage\">\n<p>9%</p>\n</div>\n<p class=\"access\">red</p>\n</li>\n</ul>\n<div class=\"lozengeFooter\">\n<p>% of the Reference Intakes</p>\n<p>Typical Analysis Per 100g : Energy 1635 kJ/394 kcal</p>\n<p>RI= Reference intake of an average adult (8400 kJ/2000 kcal)</p>\n</div>\n</div>\n<div>\n<p>\n<strong>Table of Nutritional Information</strong>\n</p>\n<div class=\"tableWrapper\">\n<table class=\"nutritionTable\">\n<thead>\n<tr class=\"tableTitleRow\">\n<th scope=\"col\">Typical Analysis</th><th scope=\"col\">Per 100g\u00a0</th><th scope=\"col\">Per 30g serving\u00a0</th><th scope=\"col\">% based on RI for Average Adult</th>\n</tr>\n</thead>\n<tr class=\"tableRow1\">\n<th class=\"rowHeader\" rowspan=\"2\" scope=\"row\">Energy</th><td class=\"tableRow1\">1635kJ</td><td class=\"tableRow1\">490kJ</td><td class=\"tableRow1\">-</td>\n</tr>\n<tr class=\"tableRow0\">\n<td class=\"tableRow0\">394kcal</td><td class=\"\">118kcal</td><td class=\"\">6%</td>\n</tr>\n<tr class=\"tableRow1\">\n<th class=\"rowHeader\" scope=\"row\">Fat</th><td class=\"tableRow1\">32.0g</td><td class=\"nutritionLevel3\">9.6g</td><td class=\"nutritionLevel3\">14%</td>\n</tr>\n<tr class=\"tableRow0\">\n<th class=\"rowHeader\" scope=\"row\">Saturates</th><td class=\"tableRow0\">20.8g</td><td class=\"nutritionLevel3\">6.2g</td><td class=\"nutritionLevel3\">31%</td>\n</tr>\n<tr class=\"tableRow1\">\n<th class=\"rowHeader\" scope=\"row\">Carbohydrate</th><td class=\"tableRow1\">1.0g</td><td class=\"\">&lt;0.5g</td><td class=\"\">-</td>\n</tr>\n<tr class=\"tableRow0\">\n<th class=\"rowHeader\" scope=\"row\">Sugars</th><td class=\"tableRow0\">&lt;0.5g</td><td class=\"nutritionLevel1\">&lt;0.5g</td><td class=\"nutritionLevel1\">-</td>\n</tr>\n<tr class=\"tableRow1\">\n<th class=\"rowHeader\" scope=\"row\">Fibre</th><td class=\"tableRow1\">0g</td><td class=\"\">0g</td><td class=\"\">-</td>\n</tr>\n<tr class=\"tableRow0\">\n<th class=\"rowHeader\" scope=\"row\">Protein</th><td class=\"tableRow0\">25.5g</td><td class=\"\">7.7g</td><td class=\"\">15%</td>\n</tr>\n<tr class=\"tableRow1\">\n<th class=\"rowHeader\" scope=\"row\">Salt</th><td class=\"tableRow1\">1.80g</td><td class=\"nutritionLevel3\">0.54g</td><td class=\"nutritionLevel3\">9%</td>\n</tr>\n</table>\n</div>\n<p>Reference intake of an average adult (8400 kJ / 2000 kcal)</p>\n<p>This pack contains 8 servings</p>\n</div>\n</div>", "PricePerMeasureMeasure": "kg", "Description": "<div class=\"productText\">\n<p>Mild Grated Cheddar Cheese</p>\n<p>\n<p></p>\n</p>\n</div>", "img": "/wcsstore7.30.4.18/ExtendedSitesCatalogAssetStore/images/catalog/productImages/62/0000000132862/0000000132862_L.jpeg", "Ingredients": "<div class=\"productText\">\n<p><strong>INGREDIENTS:</strong>Cheddar Cheese (Cows' Milk) (99%) (British Whole Cows' <strong>Milk</strong>, Salt, Lactic Starter Culture, Vegetarian Rennet), Anti-caking Agent (1%):Potato Starch\u00a0.</p>\n<p>Packaged in a protective atmosphere. Gas mix: N2</p>\n<p>Total sugar content: 0g per 100g</p>\n</div>", "Country of Origin": "<div class=\"productText\">\n<p>Produced in United Kingdom, Wales</p>\n<p>Packed in United Kingdom</p>\n</div>", "pricePerUnit": "1.30", "title": "Sainsbury's Mild Grated Cheddar Cheese, Basics 250g", "Storage": "<div class=\"productText\">\n<p>For best before date: see front of pack. Keep refrigerated, once opened use within 3 days. </p>\n</div>", "Packaging": "<div class=\"productText\">\n<p>Laminate film stand up Pouch</p>\n</div>", "PricePerMeasure": "5.20", "Dietary Information": "<div class=\"productText\">\n<p>Contains:  milk.</p>\n<p>Not suitable for customers with an allergy to  milk due to manufacturing methods</p>\n<p></p>\n</div>", "Error": "", "Size": "<div class=\"productText\">\n<p>250g</p>\n</div>", "pricePerUnitUnit": "unit", "Manufacturer": "<div class=\"productText\">\n<p>We are happy to replace this item if it is not satisfactory</p>\n<p>Sainsbury's Supermarkets Ltd.</p>\n<p>33 Holborn, London EC1N 2HT</p>\n<p>Customer services 0800 636262</p>\n</div>"}, {"Nutrition": "<div class=\"productText\">\n<div class=\"nutritionalContentSummary\">\n<h2 class=\"reference\">Per 10g serving Typical Values</h2>\n<ul class=\"lozengeBlock\">\n<li class=\"lozenge energy energy\">\n<div class=\"lozengeHeaderSection\">\n<h3 class=\"lozengeTitle\">ENERGY</h3>\n<p>161kJ</p>\n<p>39kcal</p>\n</div>\n<div class=\"percentage\">\n<p>2%</p>\n</div>\n<p class=\"access\">white</p>\n</li>\n<li class=\"lozenge high fat\">\n<div class=\"lozengeHeaderSection\">\n<h3 class=\"lozengeTitle\">FAT</h3>\n<p>2.8g</p>\n</div>\n<div class=\"percentage\">\n<p>4%</p>\n</div>\n<p class=\"access\">red</p>\n</li>\n<li class=\"lozenge high saturates\">\n<div class=\"lozengeHeaderSection\">\n<h3 class=\"lozengeTitle\">SATURATES</h3>\n<p>1.9g</p>\n</div>\n<div class=\"percentage\">\n<p>10%</p>\n</div>\n<p class=\"access\">red</p>\n</li>\n<li class=\"lozenge low sugars\">\n<div class=\"lozengeHeaderSection\">\n<h3 class=\"lozengeTitle\">SUGARS</h3>\n<p>0g</p>\n</div>\n<div class=\"percentage\">\n<p>0%</p>\n</div>\n<p class=\"access\">green</p>\n</li>\n<li class=\"lozenge high salt\">\n<div class=\"lozengeHeaderSection\">\n<h3 class=\"lozengeTitle\">SALT</h3>\n<p>0.16g</p>\n</div>\n<div class=\"percentage\">\n<p>3%</p>\n</div>\n<p class=\"access\">red</p>\n</li>\n</ul>\n<div class=\"lozengeFooter\">\n<p>% of the Reference Intakes</p>\n<p>Typical Values Per 100g : Energy 1612 kJ/388 kcal</p>\n<p>RI= Reference intake of an average adult (8400 kJ/2000 kcal)</p>\n</div>\n</div>\n<div>\n<p>\n<strong>Table of Nutritional Information</strong>\n</p>\n<div class=\"tableWrapper\">\n<table class=\"nutritionTable\">\n<thead>\n<tr class=\"tableTitleRow\">\n<th scope=\"col\">Typical Values</th><th scope=\"col\">Per 100g\u00a0</th><th scope=\"col\">Per 10g serving\u00a0</th><th scope=\"col\">% based on RI for Average Adult</th>\n</tr>\n</thead>\n<tr class=\"tableRow1\">\n<th class=\"rowHeader\" rowspan=\"2\" scope=\"row\">Energy</th><td class=\"tableRow1\">1612kJ</td><td class=\"tableRow1\">161kJ</td><td class=\"tableRow1\">-</td>\n</tr>\n<tr class=\"tableRow0\">\n<td class=\"tableRow0\">388kcal</td><td class=\"\">39kcal</td><td class=\"\">2%</td>\n</tr>\n<tr class=\"tableRow1\">\n<th class=\"rowHeader\" scope=\"row\">Fat</th><td class=\"tableRow1\">28.4g</td><td class=\"nutritionLevel3\">2.8g</td><td class=\"nutritionLevel3\">4%</td>\n</tr>\n<tr class=\"tableRow0\">\n<th class=\"rowHeader\" scope=\"row\">Saturates</th><td class=\"tableRow0\">18.7g</td><td class=\"nutritionLevel3\">1.9g</td><td class=\"nutritionLevel3\">10%</td>\n</tr>\n<tr class=\"tableRow1\">\n<th class=\"rowHeader\" scope=\"row\">Mono-unsaturates</th><td class=\"tableRow1\">8.9g</td><td class=\"\">0.9g</td><td class=\"\">-</td>\n</tr>\n<tr class=\"tableRow0\">\n<th class=\"rowHeader\" scope=\"row\">Polyunsaturates</th><td class=\"tableRow0\">0.8g</td><td class=\"\">&lt;0.1g</td><td class=\"\">-</td>\n</tr>\n<tr class=\"tableRow1\">\n<th class=\"rowHeader\" scope=\"row\">Carbohydrate</th><td class=\"tableRow1\">0g</td><td class=\"\">0g</td><td class=\"\">-</td>\n</tr>\n<tr class=\"tableRow0\">\n<th class=\"rowHeader\" scope=\"row\">Sugars</th><td class=\"tableRow0\">0g</td><td class=\"nutritionLevel1\">0g</td><td class=\"nutritionLevel1\">-</td>\n</tr>\n<tr class=\"tableRow1\">\n<th class=\"rowHeader\" scope=\"row\">Fibre</th><td class=\"tableRow1\">0g</td><td class=\"\">0g</td><td class=\"\">-</td>\n</tr>\n<tr class=\"tableRow0\">\n<th class=\"rowHeader\" scope=\"row\">Protein</th><td class=\"tableRow0\">33.0g</td><td class=\"\">3.3g</td><td class=\"\">7%</td>\n</tr>\n<tr class=\"tableRow1\">\n<th class=\"rowHeader\" scope=\"row\">Salt</th><td class=\"tableRow1\">1.63g</td><td class=\"nutritionLevel3\">0.16g</td><td class=\"nutritionLevel3\">3%</td>\n</tr>\n</table>\n</div>\n<p>Reference intake of an average adult (8400 kJ / 2000 kcal)</p>\n<p>This pack contains 20 servings</p>\n</div>\n</div>", "PricePerMeasureMeasure": "kg", "Description": "<div class=\"productText\">\n<p>Parmigiano Reggiano D.O.P Medium Fat Hard Cheese</p>\n<p>\n            \u00a0\n            </p>\n<p>\n<p>Matured for around 18 months for a sweet, nutty taste, made with unpasteurised milk.\u00a0</p>\n<p>Matured for up to 18 months for a sweet, nutty taste and grainy texture, made in the Italian Emilia-Romagna region with unpasteurised milk</p>\n</p>\n</div>", "img": "/wcsstore7.30.4.18/ExtendedSitesCatalogAssetStore/images/catalog/productImages/31/0000001644531/0000001644531_L.jpeg", "Ingredients": "<div class=\"productText\">\n<p><p>Organic Parmigiano Reggiano Cheese (Cows' <strong>Milk</strong>).</p></p>\n<p>Made with unpasteurised milk</p>\n<p>PDO Registered</p>\n</div>", "Preparation and Safety": "<div class=\"productText\">\n<p><p>Not applicable</p></p>\n<p>\n<strong>Warnings:</strong>\n</p>\n<p>Safety: Made with unpasteurised milk</p>\n</div>", "Country of Origin": "<div class=\"productText\">\n<p>Produced in Italy</p>\n<p>Packed in Italy</p>\n</div>", "pricePerUnit": "4.00", "title": "Sainsbury's Parmigiano Reggiano Cheese, SO Organic 200g", "Storage": "<div class=\"productText\">\n<p>Keep refrigerated Wrap your cheese in cling film after opening </p>\n</div>", "Packaging": "<div class=\"productText\">\n<p>Other plastic base Film</p>\n<p>PET / PE Laminate top Film</p>\n<p>Paper label</p>\n</div>", "PricePerMeasure": "20.00", "Dietary Information": "<div class=\"productText\">\n<p>Allergy Advice<br/>For allergens, see ingredients in <strong>bold</strong></p>\n</div>", "Error": "", "Size": "<div class=\"productText\">\n<p>200</p>\n</div>", "pricePerUnitUnit": "unit", "Manufacturer": "<div class=\"productText\">\n<p>We are happy to replace this item if it is not satisfactory</p>\n<p>Sainsbury's Supermarkets Ltd.</p>\n<p>33 Holborn, London EC1N 2HT</p>\n<p>Customer services 0800 636262</p>\n</div>"}, {"Nutrition": "<div class=\"productText\">\n<div class=\"nutritionalContentSummary\">\n<h2 class=\"reference\">20g serving contains Typical Analysis</h2>\n<ul class=\"lozengeBlock\">\n<li class=\"lozenge energy energy\">\n<div class=\"lozengeHeaderSection\">\n<h3 class=\"lozengeTitle\">ENERGY</h3>\n<p>269kJ</p>\n<p>65kcal</p>\n</div>\n<div class=\"percentage\">\n<p>3%</p>\n</div>\n<p class=\"access\">white</p>\n</li>\n<li class=\"lozenge high fat\">\n<div class=\"lozengeHeaderSection\">\n<h3 class=\"lozengeTitle\">FAT</h3>\n<p>4.7g</p>\n</div>\n<div class=\"percentage\">\n<p>7%</p>\n</div>\n<p class=\"access\">red</p>\n</li>\n<li class=\"lozenge high saturates\">\n<div class=\"lozengeHeaderSection\">\n<h3 class=\"lozengeTitle\">SATURATES</h3>\n<p>3.0g</p>\n</div>\n<div class=\"percentage\">\n<p>15%</p>\n</div>\n<p class=\"access\">red</p>\n</li>\n<li class=\"lozenge low sugars\">\n<div class=\"lozengeHeaderSection\">\n<h3 class=\"lozengeTitle\">SUGARS</h3>\n<p>0g</p>\n</div>\n<div class=\"percentage\">\n<p>0%</p>\n</div>\n<p class=\"access\">green</p>\n</li>\n<li class=\"lozenge high salt\">\n<div class=\"lozengeHeaderSection\">\n<h3 class=\"lozengeTitle\">SALT</h3>\n<p>0.31g</p>\n</div>\n<div class=\"percentage\">\n<p>5%</p>\n</div>\n<p class=\"access\">red</p>\n</li>\n</ul>\n<div class=\"lozengeFooter\">\n<p>% of the Reference Intakes</p>\n<p>Typical Analysis 100g contains : Energy 1345 kJ/323 kcal</p>\n<p>RI= Reference intake of an average adult (8400 kJ/2000 kcal)</p>\n</div>\n</div>\n<div>\n<p>\n<strong>Table of Nutritional Information</strong>\n</p>\n<div class=\"tableWrapper\">\n<table class=\"nutritionTable\">\n<thead>\n<tr class=\"tableTitleRow\">\n<th scope=\"col\">Typical Analysis</th><th scope=\"col\">100g contains\u00a0</th><th scope=\"col\">20g serving contains\u00a0</th><th scope=\"col\">% based on RI for Average Adult</th>\n</tr>\n</thead>\n<tr class=\"tableRow1\">\n<th class=\"rowHeader\" rowspan=\"2\" scope=\"row\">Energy</th><td class=\"tableRow1\">1345kJ</td><td class=\"tableRow1\">269kJ</td><td class=\"tableRow1\">-</td>\n</tr>\n<tr class=\"tableRow0\">\n<td class=\"tableRow0\">323kcal</td><td class=\"\">65kcal</td><td class=\"\">3%</td>\n</tr>\n<tr class=\"tableRow1\">\n<th class=\"rowHeader\" scope=\"row\">Fat</th><td class=\"tableRow1\">23.3g</td><td class=\"nutritionLevel3\">4.7g</td><td class=\"nutritionLevel3\">7%</td>\n</tr>\n<tr class=\"tableRow0\">\n<th class=\"rowHeader\" scope=\"row\">Saturates</th><td class=\"tableRow0\">15.2g</td><td class=\"nutritionLevel3\">3.0g</td><td class=\"nutritionLevel3\">15%</td>\n</tr>\n<tr class=\"tableRow1\">\n<th class=\"rowHeader\" scope=\"row\">Carbohydrate</th><td class=\"tableRow1\">3.1g</td><td class=\"\">0.6g</td><td class=\"\">-</td>\n</tr>\n<tr class=\"tableRow0\">\n<th class=\"rowHeader\" scope=\"row\">Sugars</th><td class=\"tableRow0\">0g</td><td class=\"nutritionLevel1\">0g</td><td class=\"nutritionLevel1\">-</td>\n</tr>\n<tr class=\"tableRow1\">\n<th class=\"rowHeader\" scope=\"row\">Starch</th><td class=\"tableRow1\">0g</td><td class=\"\">0g</td><td class=\"\">-</td>\n</tr>\n<tr class=\"tableRow0\">\n<th class=\"rowHeader\" scope=\"row\">Fibre</th><td class=\"tableRow0\">0g</td><td class=\"\">0g</td><td class=\"\">-</td>\n</tr>\n<tr class=\"tableRow1\">\n<th class=\"rowHeader\" scope=\"row\">Protein</th><td class=\"tableRow1\">25.3g</td><td class=\"\">5.1g</td><td class=\"\">10%</td>\n</tr>\n<tr class=\"tableRow0\">\n<th class=\"rowHeader\" scope=\"row\">Salt</th><td class=\"tableRow0\">1.55g</td><td class=\"nutritionLevel3\">0.31g</td><td class=\"nutritionLevel3\">5%</td>\n</tr>\n</table>\n</div>\n<p>Reference intake of an average adult (8400 kJ / 2000 kcal)</p>\n<p>This pack contains 12 servings</p>\n</div>\n<div>\n<p>\n<strong>Table of Vitamins and Minerals Information</strong>\n</p>\n<div class=\"tableWrapper\">\n<table class=\"nutritionTable\">\n<thead>\n<tr class=\"tableTitleRow\">\n<th scope=\"col\">Typical Analysis</th><th scope=\"col\">100g contains\u00a0</th><th scope=\"col\">% NRV\u00a0100g contains\u00a0</th><th scope=\"col\">20g serving contains\u00a0</th><th scope=\"col\">% NRV\u00a020g serving contains\u00a0</th>\n</tr>\n</thead>\n<tr class=\"tableRow1\">\n<th class=\"rowHeader\" scope=\"row\">Calcium</th><td class=\"tableRow1\">731mg</td><td class=\"tableRow1\">-</td><td class=\"\">146mg</td><td class=\"\">-</td>\n</tr>\n</table>\n</div>\n<p>NRV = Nutrient Reference Value</p>\n</div>\n</div>", "PricePerMeasureMeasure": "kg", "Description": "<div class=\"productText\">\n<p>Full Fat Cheese</p>\n<p>\n<p></p>\n</p>\n</div>", "img": "/wcsstore7.30.4.18/ExtendedSitesCatalogAssetStore/images/catalog/productImages/85/0000000297585/0000000297585_L.jpeg", "Ingredients": "<div class=\"productText\">\n<p><p><strong>INGREDIENTS:</strong> Cheese (from Cows' Milk)</p></p>\n</div>", "Country of Origin": "<div class=\"productText\">\n<p>Produced in Netherlands</p>\n<p>Packed in United Kingdom</p>\n</div>", "pricePerUnit": "2.00", "title": "Sainsbury's Mini Cheese Bites x12 240g", "pricePerUnitUnit": "unit", "Packaging": "<div class=\"productText\">\n<p>Laminate film film Top</p>\n<p>Laminate film film Base</p>\n</div>", "PricePerMeasure": "8.33", "Dietary Information": "<div class=\"productText\">\n<p>Contains:  milk.</p>\n<p></p>\n</div>", "Error": "", "Size": "<div class=\"productText\">\n<p>240g</p>\n</div>", "Manufacturer": "<div class=\"productText\">\n<p>We are happy to replace this item if it is not satisfactory</p>\n<p>Sainsbury's Supermarkets Ltd.</p>\n<p>33 Holborn, London EC1N 2HT</p>\n<p>Customer services 0800 636262</p>\n</div>"}, {"Nutrition": "<div class=\"productText\">\n<div class=\"nutritionalContentSummary\">\n<h2 class=\"reference\">Per 20g serving Typical Values</h2>\n<ul class=\"lozengeBlock\">\n<li class=\"lozenge energy energy\">\n<div class=\"lozengeHeaderSection\">\n<h3 class=\"lozengeTitle\">ENERGY</h3>\n<p>281kJ</p>\n<p>67kcal</p>\n</div>\n<div class=\"percentage\">\n<p>3%</p>\n</div>\n<p class=\"access\">white</p>\n</li>\n<li class=\"lozenge high fat\">\n<div class=\"lozengeHeaderSection\">\n<h3 class=\"lozengeTitle\">FAT</h3>\n<p>4.8g</p>\n</div>\n<div class=\"percentage\">\n<p>7%</p>\n</div>\n<p class=\"access\">red</p>\n</li>\n<li class=\"lozenge high saturates\">\n<div class=\"lozengeHeaderSection\">\n<h3 class=\"lozengeTitle\">SATURATES</h3>\n<p>2.9g</p>\n</div>\n<div class=\"percentage\">\n<p>15%</p>\n</div>\n<p class=\"access\">red</p>\n</li>\n<li class=\"lozenge low sugars\">\n<div class=\"lozengeHeaderSection\">\n<h3 class=\"lozengeTitle\">SUGARS</h3>\n<p>0g</p>\n</div>\n<div class=\"percentage\">\n<p>0%</p>\n</div>\n<p class=\"access\">green</p>\n</li>\n<li class=\"lozenge high salt\">\n<div class=\"lozengeHeaderSection\">\n<h3 class=\"lozengeTitle\">SALT</h3>\n<p>0.36g</p>\n</div>\n<div class=\"percentage\">\n<p>6%</p>\n</div>\n<p class=\"access\">red</p>\n</li>\n</ul>\n<div class=\"lozengeFooter\">\n<p>% of the Reference Intakes</p>\n<p>Typical Values Per 100g : Energy 1403 kJ/337 kcal</p>\n<p>RI= Reference intake of an average adult (8400 kJ/2000 kcal)</p>\n</div>\n</div>\n<div>\n<p>\n<strong>Table of Nutritional Information</strong>\n</p>\n<div class=\"tableWrapper\">\n<table class=\"nutritionTable\">\n<thead>\n<tr class=\"tableTitleRow\">\n<th scope=\"col\">Typical Values</th><th scope=\"col\">Per 100g\u00a0</th><th scope=\"col\">Per 20g serving\u00a0</th><th scope=\"col\">% based on RI for Average Adult</th>\n</tr>\n</thead>\n<tr class=\"tableRow1\">\n<th class=\"rowHeader\" rowspan=\"2\" scope=\"row\">Energy</th><td class=\"tableRow1\">1403kJ</td><td class=\"tableRow1\">281kJ</td><td class=\"tableRow1\">-</td>\n</tr>\n<tr class=\"tableRow0\">\n<td class=\"tableRow0\">337kcal</td><td class=\"\">67kcal</td><td class=\"\">3%</td>\n</tr>\n<tr class=\"tableRow1\">\n<th class=\"rowHeader\" scope=\"row\">Fat</th><td class=\"tableRow1\">23.8g</td><td class=\"nutritionLevel3\">4.8g</td><td class=\"nutritionLevel3\">7%</td>\n</tr>\n<tr class=\"tableRow0\">\n<th class=\"rowHeader\" scope=\"row\">Saturates</th><td class=\"tableRow0\">14.6g</td><td class=\"nutritionLevel3\">2.9g</td><td class=\"nutritionLevel3\">15%</td>\n</tr>\n<tr class=\"tableRow1\">\n<th class=\"rowHeader\" scope=\"row\">Mono-unsaturates</th><td class=\"tableRow1\">5.6g</td><td class=\"\">1.1g</td><td class=\"\">-</td>\n</tr>\n<tr class=\"tableRow0\">\n<th class=\"rowHeader\" scope=\"row\">Polyunsaturates</th><td class=\"tableRow0\">0.6g</td><td class=\"\">0.1g</td><td class=\"\">-</td>\n</tr>\n<tr class=\"tableRow1\">\n<th class=\"rowHeader\" scope=\"row\">Carbohydrate</th><td class=\"tableRow1\">3.0g</td><td class=\"\">0.6g</td><td class=\"\">-</td>\n</tr>\n<tr class=\"tableRow0\">\n<th class=\"rowHeader\" scope=\"row\">Sugars</th><td class=\"tableRow0\">0g</td><td class=\"nutritionLevel1\">0g</td><td class=\"nutritionLevel1\">-</td>\n</tr>\n<tr class=\"tableRow1\">\n<th class=\"rowHeader\" scope=\"row\">Starch</th><td class=\"tableRow1\">0g</td><td class=\"\">0g</td><td class=\"\">-</td>\n</tr>\n<tr class=\"tableRow0\">\n<th class=\"rowHeader\" scope=\"row\">Fibre</th><td class=\"tableRow0\">0g</td><td class=\"\">0g</td><td class=\"\">-</td>\n</tr>\n<tr class=\"tableRow1\">\n<th class=\"rowHeader\" scope=\"row\">Protein</th><td class=\"tableRow1\">27.7g</td><td class=\"\">5.5g</td><td class=\"\">11%</td>\n</tr>\n<tr class=\"tableRow0\">\n<th class=\"rowHeader\" scope=\"row\">Salt</th><td class=\"tableRow0\">1.80g</td><td class=\"nutritionLevel3\">0.36g</td><td class=\"nutritionLevel3\">6%</td>\n</tr>\n</table>\n</div>\n<p>Reference intake of an average adult (8400 kJ / 2000 kcal)</p>\n<p>This pack contains 6 servings</p>\n</div>\n<div>\n<p>\n<strong>Table of Vitamins and Minerals Information</strong>\n</p>\n<div class=\"tableWrapper\">\n<table class=\"nutritionTable\">\n<thead>\n<tr class=\"tableTitleRow\">\n<th scope=\"col\">Typical Values</th><th scope=\"col\">Per 100g\u00a0</th><th scope=\"col\">% NRV\u00a0Per 100g\u00a0</th><th scope=\"col\">Per 20g serving\u00a0</th><th scope=\"col\">% NRV\u00a0Per 20g serving\u00a0</th>\n</tr>\n</thead>\n<tr class=\"tableRow1\">\n<th class=\"rowHeader\" scope=\"row\">Calcium</th><td class=\"tableRow1\">798mg</td><td class=\"tableRow1\">-</td><td class=\"\">160mg</td><td class=\"\">-</td>\n</tr>\n</table>\n</div>\n<p>NRV = Nutrient Reference Value</p>\n</div>\n</div>", "PricePerMeasureMeasure": "kg", "Description": "<div class=\"productText\">\n<p>tag - Firm Medium Fat Ripened Cheese</p>\n<p>\n            \u00a0\n            </p>\n<p>\n<p>tag - 30% less fat than standard mature cheddar\u00a0</p>\n<p></p>\n</p>\n</div>", "img": "/wcsstore7.30.4.18/ExtendedSitesCatalogAssetStore/images/catalog/productImages/86/0000000280686/0000000280686_L.jpeg", "Ingredients": "<div class=\"productText\">\n<p><p>Mature Reduced Fat Cheese (Cows' <strong>Milk</strong>).</p></p>\n<p>Packaged in a protective atmosphere. Gas mix: Carbon Dioxide 100%</p>\n<p>Packaged in a protective atmosphere.</p>\n</div>", "Country of Origin": "<div class=\"productText\">\n<p>Produced in United Kingdom</p>\n<p>Packed in United Kingdom</p>\n</div>", "pricePerUnit": "1.30", "title": "Sainsbury's Lighter Cheddar Cheese Sticks 6x20g", "Storage": "<div class=\"productText\">\n<p>Keep refrigerated </p>\n</div>", "Packaging": "<div class=\"productText\">\n<p>Other plastic film</p>\n<p>Plastic - LDPE net</p>\n<p>Plastic - HDPE label </p>\n</div>", "PricePerMeasure": "10.83", "Dietary Information": "<div class=\"productText\">\n<p>Allergy Advice<br/>For allergens, see ingredients in <strong>bold</strong></p>\n</div>", "Error": "", "Size": "<div class=\"productText\">\n<p>tag - 120g e (6 x 20g)</p>\n</div>", "pricePerUnitUnit": "unit", "Manufacturer": "<div class=\"productText\">\n<p>We are happy to replace this item if it is not satisfactory</p>\n<p>Sainsbury's Supermarkets Ltd.</p>\n<p>33 Holborn, London EC1N 2HT</p>\n<p>Customer services 0800 636262</p>\n</div>"}, {"Nutrition": "<div class=\"productText\">\n<div class=\"nutritionalContentSummary\">\n<h2 class=\"reference\">Per 20g serving Typical Values</h2>\n<ul class=\"lozengeBlock\">\n<li class=\"lozenge energy energy\">\n<div class=\"lozengeHeaderSection\">\n<h3 class=\"lozengeTitle\">ENERGY</h3>\n<p>345kJ</p>\n<p>83kcal</p>\n</div>\n<div class=\"percentage\">\n<p>4%</p>\n</div>\n<p class=\"access\">white</p>\n</li>\n<li class=\"lozenge high fat\">\n<div class=\"lozengeHeaderSection\">\n<h3 class=\"lozengeTitle\">FAT</h3>\n<p>7.0g</p>\n</div>\n<div class=\"percentage\">\n<p>10%</p>\n</div>\n<p class=\"access\">red</p>\n</li>\n<li class=\"lozenge high saturates\">\n<div class=\"lozengeHeaderSection\">\n<h3 class=\"lozengeTitle\">SATURATES</h3>\n<p>4.3g</p>\n</div>\n<div class=\"percentage\">\n<p>22%</p>\n</div>\n<p class=\"access\">red</p>\n</li>\n<li class=\"lozenge low sugars\">\n<div class=\"lozengeHeaderSection\">\n<h3 class=\"lozengeTitle\">SUGARS</h3>\n<p>&lt;0.5g</p>\n</div>\n<div class=\"percentage\">\n<p>&lt;1%</p>\n</div>\n<p class=\"access\">green</p>\n</li>\n<li class=\"lozenge high salt\">\n<div class=\"lozengeHeaderSection\">\n<h3 class=\"lozengeTitle\">SALT</h3>\n<p>0.36g</p>\n</div>\n<div class=\"percentage\">\n<p>6%</p>\n</div>\n<p class=\"access\">red</p>\n</li>\n</ul>\n<div class=\"lozengeFooter\">\n<p>% of the Reference Intakes</p>\n<p>Typical Values Per 100g : Energy 1727 kJ/417 kcal</p>\n<p>RI= Reference intake of an average adult (8400 kJ/2000 kcal)</p>\n</div>\n</div>\n<div>\n<p>\n<strong>Table of Nutritional Information</strong>\n</p>\n<div class=\"tableWrapper\">\n<table class=\"nutritionTable\">\n<thead>\n<tr class=\"tableTitleRow\">\n<th scope=\"col\">Typical Values</th><th scope=\"col\">Per 100g\u00a0</th><th scope=\"col\">Per 20g serving\u00a0</th><th scope=\"col\">% based on RI for Average Adult</th>\n</tr>\n</thead>\n<tr class=\"tableRow1\">\n<th class=\"rowHeader\" rowspan=\"2\" scope=\"row\">Energy</th><td class=\"tableRow1\">1727kJ</td><td class=\"tableRow1\">345kJ</td><td class=\"tableRow1\">-</td>\n</tr>\n<tr class=\"tableRow0\">\n<td class=\"tableRow0\">417kcal</td><td class=\"\">83kcal</td><td class=\"\">4%</td>\n</tr>\n<tr class=\"tableRow1\">\n<th class=\"rowHeader\" scope=\"row\">Fat</th><td class=\"tableRow1\">34.9g</td><td class=\"nutritionLevel3\">7.0g</td><td class=\"nutritionLevel3\">10%</td>\n</tr>\n<tr class=\"tableRow0\">\n<th class=\"rowHeader\" scope=\"row\">Saturates</th><td class=\"tableRow0\">21.7g</td><td class=\"nutritionLevel3\">4.3g</td><td class=\"nutritionLevel3\">22%</td>\n</tr>\n<tr class=\"tableRow1\">\n<th class=\"rowHeader\" scope=\"row\">Carbohydrate</th><td class=\"tableRow1\">&lt;0.5g</td><td class=\"\">&lt;0.5g</td><td class=\"\">-</td>\n</tr>\n<tr class=\"tableRow0\">\n<th class=\"rowHeader\" scope=\"row\">Sugars</th><td class=\"tableRow0\">&lt;0.5g</td><td class=\"nutritionLevel1\">&lt;0.5g</td><td class=\"nutritionLevel1\">-</td>\n</tr>\n<tr class=\"tableRow1\">\n<th class=\"rowHeader\" scope=\"row\">Protein</th><td class=\"tableRow1\">25.5g</td><td class=\"\">5.1g</td><td class=\"\">10%</td>\n</tr>\n<tr class=\"tableRow0\">\n<th class=\"rowHeader\" scope=\"row\">Salt</th><td class=\"tableRow0\">1.80g</td><td class=\"nutritionLevel3\">0.36g</td><td class=\"nutritionLevel3\">6%</td>\n</tr>\n</table>\n</div>\n<p>Reference intake of an average adult (8400 kJ / 2000 kcal)</p>\n<p>This pack contains 12 servings</p>\n</div>\n</div>", "PricePerMeasureMeasure": "kg", "Description": "<div class=\"productText\">\n<p>tag - Mature Cheddar Cheese</p>\n<p>\n<p></p>\n</p>\n</div>", "img": "/wcsstore7.30.4.18/ExtendedSitesCatalogAssetStore/images/catalog/productImages/93/0000000280693/0000000280693_L.jpeg", "Ingredients": "<div class=\"productText\">\n<p><p><strong>INGREDIENTS: </strong>Mature Cheddar Cheese (Cows' <strong>Milk</strong>).</p></p>\n<p>Packaged in a protective atmosphere. Gas mix: Carbon Dioxide 100%</p>\n<p>Packaged in a protective atmosphere.</p>\n</div>", "Country of Origin": "<div class=\"productText\">\n<p>Produced in United Kingdom</p>\n<p>Packed in United Kingdom</p>\n</div>", "pricePerUnit": "2.40", "title": "Sainsbury's Mature Cheddar Cheese Sticks 12x20g", "Storage": "<div class=\"productText\">\n<p>For best before date: see front of pack Keep refrigerated </p>\n</div>", "Packaging": "<div class=\"productText\">\n<p>Other plastic film </p>\n<p>Plastic - LDPE net</p>\n<p>Plastic - HDPE label </p>\n</div>", "PricePerMeasure": "10.00", "Dietary Information": "<div class=\"productText\">\n<p>Allergy Advice<br/>For allergens, see ingredients in <strong>bold</strong></p>\n</div>", "Error": "", "Size": "<div class=\"productText\">\n<p>240g (12 x 20g) e</p>\n</div>", "pricePerUnitUnit": "unit", "Manufacturer": "<div class=\"productText\">\n<p>We are happy to replace this item if it is not satisfactory</p>\n<p>Sainsbury's Supermarkets Ltd.</p>\n<p>33 Holborn, London EC1N 2HT</p>\n<p>Customer services 0800 636262</p>\n</div>"}, {"Nutrition": "<div class=\"productText\">\n<div class=\"nutritionalContentSummary\">\n<h2 class=\"reference\">Per 30g serving Typical Values</h2>\n<ul class=\"lozengeBlock\">\n<li class=\"lozenge energy energy\">\n<div class=\"lozengeHeaderSection\">\n<h3 class=\"lozengeTitle\">ENERGY</h3>\n<p>459kJ</p>\n<p>110kcal</p>\n</div>\n<div class=\"percentage\">\n<p>6%</p>\n</div>\n<p class=\"access\">white</p>\n</li>\n<li class=\"lozenge high fat\">\n<div class=\"lozengeHeaderSection\">\n<h3 class=\"lozengeTitle\">FAT</h3>\n<p>8.6g</p>\n</div>\n<div class=\"percentage\">\n<p>12%</p>\n</div>\n<p class=\"access\">red</p>\n</li>\n<li class=\"lozenge high saturates\">\n<div class=\"lozengeHeaderSection\">\n<h3 class=\"lozengeTitle\">SATURATES</h3>\n<p>5.6g</p>\n</div>\n<div class=\"percentage\">\n<p>28%</p>\n</div>\n<p class=\"access\">red</p>\n</li>\n<li class=\"lozenge low sugars\">\n<div class=\"lozengeHeaderSection\">\n<h3 class=\"lozengeTitle\">SUGARS</h3>\n<p>&lt;0.5g</p>\n</div>\n<div class=\"percentage\">\n<p>&lt;1%</p>\n</div>\n<p class=\"access\">green</p>\n</li>\n<li class=\"lozenge high salt\">\n<div class=\"lozengeHeaderSection\">\n<h3 class=\"lozengeTitle\">SALT</h3>\n<p>0.54g</p>\n</div>\n<div class=\"percentage\">\n<p>9%</p>\n</div>\n<p class=\"access\">red</p>\n</li>\n</ul>\n<div class=\"lozengeFooter\">\n<p>% of the Reference Intakes</p>\n<p>Typical Values Per 100g : Energy 1529 kJ/368 kcal</p>\n<p>RI= Reference intake of an average adult (8400 kJ/2000 kcal)</p>\n</div>\n</div>\n<div>\n<p>\n<strong>Table of Nutritional Information</strong>\n</p>\n<div class=\"tableWrapper\">\n<table class=\"nutritionTable\">\n<thead>\n<tr class=\"tableTitleRow\">\n<th scope=\"col\">Typical Values</th><th scope=\"col\">Per 100g\u00a0</th><th scope=\"col\">Per 30g serving\u00a0</th><th scope=\"col\">% based on RI for Average Adult</th>\n</tr>\n</thead>\n<tr class=\"tableRow1\">\n<th class=\"rowHeader\" rowspan=\"2\" scope=\"row\">Energy</th><td class=\"tableRow1\">1529kJ</td><td class=\"tableRow1\">459kJ</td><td class=\"tableRow1\">-</td>\n</tr>\n<tr class=\"tableRow0\">\n<td class=\"tableRow0\">368kcal</td><td class=\"\">110kcal</td><td class=\"\">6%</td>\n</tr>\n<tr class=\"tableRow1\">\n<th class=\"rowHeader\" scope=\"row\">Fat</th><td class=\"tableRow1\">28.6g</td><td class=\"nutritionLevel3\">8.6g</td><td class=\"nutritionLevel3\">12%</td>\n</tr>\n<tr class=\"tableRow0\">\n<th class=\"rowHeader\" scope=\"row\">Saturates</th><td class=\"tableRow0\">18.6g</td><td class=\"nutritionLevel3\">5.6g</td><td class=\"nutritionLevel3\">28%</td>\n</tr>\n<tr class=\"tableRow1\">\n<th class=\"rowHeader\" scope=\"row\">Mono-unsaturates</th><td class=\"tableRow1\">7.9g</td><td class=\"\">2.4g</td><td class=\"\">-</td>\n</tr>\n<tr class=\"tableRow0\">\n<th class=\"rowHeader\" scope=\"row\">Polyunsaturates</th><td class=\"tableRow0\">0.6g</td><td class=\"\">0.2g</td><td class=\"\">-</td>\n</tr>\n<tr class=\"tableRow1\">\n<th class=\"rowHeader\" scope=\"row\">Carbohydrate</th><td class=\"tableRow1\">5.4g</td><td class=\"\">1.6g</td><td class=\"\">1%</td>\n</tr>\n<tr class=\"tableRow0\">\n<th class=\"rowHeader\" scope=\"row\">Sugars</th><td class=\"tableRow0\">&lt;0.5g</td><td class=\"nutritionLevel1\">&lt;0.5g</td><td class=\"nutritionLevel1\">-</td>\n</tr>\n<tr class=\"tableRow1\">\n<th class=\"rowHeader\" scope=\"row\">Fibre</th><td class=\"tableRow1\">&lt;0.5g</td><td class=\"\">&lt;0.5g</td><td class=\"\">-</td>\n</tr>\n<tr class=\"tableRow0\">\n<th class=\"rowHeader\" scope=\"row\">Protein</th><td class=\"tableRow0\">22.1g</td><td class=\"\">6.6g</td><td class=\"\">13%</td>\n</tr>\n<tr class=\"tableRow1\">\n<th class=\"rowHeader\" scope=\"row\">Salt</th><td class=\"tableRow1\">1.80g</td><td class=\"nutritionLevel3\">0.54g</td><td class=\"nutritionLevel3\">9%</td>\n</tr>\n</table>\n</div>\n<p>Reference intake of an average adult (8400 kJ / 2000 kcal)</p>\n<p>This pack contains 6 servings</p>\n</div>\n</div>", "PricePerMeasureMeasure": "kg", "Description": "<div class=\"productText\">\n<p>Cheddar with pickled silverskin onions</p>\n<p>\n            \u00a0\n            </p>\n<p>\n<p>with pieces of Silver Skin Onion\u00a0</p>\n<p></p>\n</p>\n</div>", "img": "/wcsstore7.30.4.18/ExtendedSitesCatalogAssetStore/images/catalog/productImages/00/0000001098600/0000001098600_L.jpeg", "Ingredients": "<div class=\"productText\">\n<p><p><strong>INGREDIENTS:</strong>Cheddar (Cows' <strong>Milk</strong>), Spirit Vinegar, Pickled Onion (5%) (Onion, Water, Acetic Acid, Salt), Dried Onion (2.5%), Chive.</p></p>\n<p>Packaged in a protective atmosphere. Gas mix: 53/ 47  Carbon Dioxide/Nitrogen</p>\n</div>", "Preparation and Safety": "<div class=\"productText\">\n<p>\n<strong>Warnings:</strong>\n</p>\n<p>Safety warning: \"Made with pasteurised milk\".</p>\n</div>", "Country of Origin": "<div class=\"productText\">\n<p>Produced in United Kingdom</p>\n<p>Packed in United Kingdom</p>\n<p>Produced using British milk</p>\n</div>", "pricePerUnit": "1.70", "title": "Sainsbury's Cheddar Cheese & Onion 200g", "Storage": "<div class=\"productText\">\n<p>Keep refrigerated Re-wrap your cheese in the original packaging Place it in a sealed container or a food bag for extra freshness and ensure it is well sealed to avoid drying out. </p>\n</div>", "Packaging": "<div class=\"productText\">\n<p>Plastic - APET base Web</p>\n<p>Other plastic top Web</p>\n<p>Other plastic top Label</p>\n<p>Paper base Label</p>\n</div>", "PricePerMeasure": "8.50", "Dietary Information": "<div class=\"productText\">\n<p>Allergy Advice<br/>For allergens, see ingredients in <strong>bold</strong></p>\n</div>", "Error": "", "Size": "<div class=\"productText\">\n<p>200gram e;300gram e</p>\n</div>", "pricePerUnitUnit": "unit", "Manufacturer": "<div class=\"productText\">\n<p>We are happy to replace this item if it is not satisfactory</p>\n<p>Sainsbury's Supermarkets Ltd.</p>\n<p>33 Holborn, London EC1N 2HT</p>\n<p>Customer services 0800 636262</p>\n</div>"}, {"Nutrition": "<div class=\"productText\">\n<div class=\"nutritionalContentSummary\">\n<h2 class=\"reference\">20g serving contains Typical Analysis</h2>\n<ul class=\"lozengeBlock\">\n<li class=\"lozenge energy energy\">\n<div class=\"lozengeHeaderSection\">\n<h3 class=\"lozengeTitle\">ENERGY</h3>\n<p>269kJ</p>\n<p>65kcal</p>\n</div>\n<div class=\"percentage\">\n<p>3%</p>\n</div>\n<p class=\"access\">white</p>\n</li>\n<li class=\"lozenge high fat\">\n<div class=\"lozengeHeaderSection\">\n<h3 class=\"lozengeTitle\">FAT</h3>\n<p>4.7g</p>\n</div>\n<div class=\"percentage\">\n<p>7%</p>\n</div>\n<p class=\"access\">red</p>\n</li>\n<li class=\"lozenge high saturates\">\n<div class=\"lozengeHeaderSection\">\n<h3 class=\"lozengeTitle\">SATURATES</h3>\n<p>3.0g</p>\n</div>\n<div class=\"percentage\">\n<p>15%</p>\n</div>\n<p class=\"access\">red</p>\n</li>\n<li class=\"lozenge low sugars\">\n<div class=\"lozengeHeaderSection\">\n<h3 class=\"lozengeTitle\">SUGARS</h3>\n<p>0g</p>\n</div>\n<div class=\"percentage\">\n<p>0%</p>\n</div>\n<p class=\"access\">green</p>\n</li>\n<li class=\"lozenge high salt\">\n<div class=\"lozengeHeaderSection\">\n<h3 class=\"lozengeTitle\">SALT</h3>\n<p>0.31g</p>\n</div>\n<div class=\"percentage\">\n<p>5%</p>\n</div>\n<p class=\"access\">red</p>\n</li>\n</ul>\n<div class=\"lozengeFooter\">\n<p>% of the Reference Intakes</p>\n<p>Typical Analysis 100g contains : Energy 1345 kJ/323 kcal</p>\n<p>RI= Reference intake of an average adult (8400 kJ/2000 kcal)</p>\n</div>\n</div>\n<div>\n<p>\n<strong>Table of Nutritional Information</strong>\n</p>\n<div class=\"tableWrapper\">\n<table class=\"nutritionTable\">\n<thead>\n<tr class=\"tableTitleRow\">\n<th scope=\"col\">Typical Analysis</th><th scope=\"col\">100g contains\u00a0</th><th scope=\"col\">20g serving contains\u00a0</th><th scope=\"col\">% based on RI for Average Adult</th>\n</tr>\n</thead>\n<tr class=\"tableRow1\">\n<th class=\"rowHeader\" rowspan=\"2\" scope=\"row\">Energy</th><td class=\"tableRow1\">1345kJ</td><td class=\"tableRow1\">269kJ</td><td class=\"tableRow1\">-</td>\n</tr>\n<tr class=\"tableRow0\">\n<td class=\"tableRow0\">323kcal</td><td class=\"\">65kcal</td><td class=\"\">3%</td>\n</tr>\n<tr class=\"tableRow1\">\n<th class=\"rowHeader\" scope=\"row\">Fat</th><td class=\"tableRow1\">23.3g</td><td class=\"nutritionLevel3\">4.7g</td><td class=\"nutritionLevel3\">7%</td>\n</tr>\n<tr class=\"tableRow0\">\n<th class=\"rowHeader\" scope=\"row\">Saturates</th><td class=\"tableRow0\">15.2g</td><td class=\"nutritionLevel3\">3.0g</td><td class=\"nutritionLevel3\">15%</td>\n</tr>\n<tr class=\"tableRow1\">\n<th class=\"rowHeader\" scope=\"row\">Mono-unsaturates</th><td class=\"tableRow1\">5.8g</td><td class=\"\">1.2g</td><td class=\"\">-</td>\n</tr>\n<tr class=\"tableRow0\">\n<th class=\"rowHeader\" scope=\"row\">Polyunsaturates</th><td class=\"tableRow0\">0.8g</td><td class=\"\">0.2g</td><td class=\"\">-</td>\n</tr>\n<tr class=\"tableRow1\">\n<th class=\"rowHeader\" scope=\"row\">Carbohydrate</th><td class=\"tableRow1\">3.1g</td><td class=\"\">0.6g</td><td class=\"\">-</td>\n</tr>\n<tr class=\"tableRow0\">\n<th class=\"rowHeader\" scope=\"row\">Sugars</th><td class=\"tableRow0\">0g</td><td class=\"nutritionLevel1\">0g</td><td class=\"nutritionLevel1\">-</td>\n</tr>\n<tr class=\"tableRow1\">\n<th class=\"rowHeader\" scope=\"row\">Starch</th><td class=\"tableRow1\">0g</td><td class=\"\">0g</td><td class=\"\">-</td>\n</tr>\n<tr class=\"tableRow0\">\n<th class=\"rowHeader\" scope=\"row\">Fibre</th><td class=\"tableRow0\">0g</td><td class=\"\">0g</td><td class=\"\">-</td>\n</tr>\n<tr class=\"tableRow1\">\n<th class=\"rowHeader\" scope=\"row\">Protein</th><td class=\"tableRow1\">25.3g</td><td class=\"\">5.1g</td><td class=\"\">10%</td>\n</tr>\n<tr class=\"tableRow0\">\n<th class=\"rowHeader\" scope=\"row\">Salt</th><td class=\"tableRow0\">1.55g</td><td class=\"nutritionLevel3\">0.31g</td><td class=\"nutritionLevel3\">5%</td>\n</tr>\n</table>\n</div>\n<p>Reference intake of an average adult (8400 kJ / 2000 kcal)</p>\n<p>This pack contains 6 servings</p>\n</div>\n<div>\n<p>\n<strong>Table of Vitamins and Minerals Information</strong>\n</p>\n<div class=\"tableWrapper\">\n<table class=\"nutritionTable\">\n<thead>\n<tr class=\"tableTitleRow\">\n<th scope=\"col\">Typical Analysis</th><th scope=\"col\">100g contains\u00a0</th><th scope=\"col\">% NRV\u00a0100g contains\u00a0</th><th scope=\"col\">20g serving contains\u00a0</th><th scope=\"col\">% NRV\u00a020g serving contains\u00a0</th>\n</tr>\n</thead>\n<tr class=\"tableRow1\">\n<th class=\"rowHeader\" scope=\"row\">Calcium</th><td class=\"tableRow1\">731mg</td><td class=\"tableRow1\">-</td><td class=\"\">146mg</td><td class=\"\">-</td>\n</tr>\n</table>\n</div>\n<p>NRV = Nutrient Reference Value</p>\n</div>\n</div>", "PricePerMeasureMeasure": "kg", "Description": "<div class=\"productText\">\n<p>Medium Fat Hard Cheese</p>\n<p>\n<p></p>\n</p>\n</div>", "img": "/wcsstore7.30.4.18/ExtendedSitesCatalogAssetStore/images/catalog/productImages/01/0000000297301/0000000297301_L.jpeg", "Ingredients": "<div class=\"productText\">\n<p><p><strong>INGREDIENTS:</strong> Cheese (from Cows' Milk)</p></p>\n</div>", "Country of Origin": "<div class=\"productText\">\n<p>Produced in Netherlands, United Kingdom</p>\n<p>Packed in United Kingdom</p>\n</div>", "pricePerUnit": "1.30", "title": "Sainsbury's Mini Cheese Bites x6 120g", "pricePerUnitUnit": "unit", "Packaging": "<div class=\"productText\">\n<p>Laminate film film Top</p>\n<p>Laminate film film Base</p>\n</div>", "PricePerMeasure": "10.83", "Dietary Information": "<div class=\"productText\">\n<p>Allergy Advice<br/>For allergens, see ingredients in <strong>bold</strong></p>\n</div>", "Error": "", "Size": "<div class=\"productText\">\n<p>120g</p>\n</div>", "Manufacturer": "<div class=\"productText\">\n<p>We are happy to replace this item if it is not satisfactory</p>\n<p>Sainsbury's Supermarkets Ltd.</p>\n<p>33 Holborn, London EC1N 2HT</p>\n<p>Customer services 0800 636262</p>\n</div>"}, {"Nutrition": "<div class=\"productText\">\n<div class=\"nutritionalContentSummary\">\n<h2 class=\"reference\">Per 10g serving Typical Values</h2>\n<ul class=\"lozengeBlock\">\n<li class=\"lozenge energy energy\">\n<div class=\"lozengeHeaderSection\">\n<h3 class=\"lozengeTitle\">ENERGY</h3>\n<p>167kJ</p>\n<p>40kcal</p>\n</div>\n<div class=\"percentage\">\n<p>2%</p>\n</div>\n<p class=\"access\">white</p>\n</li>\n<li class=\"lozenge high fat\">\n<div class=\"lozengeHeaderSection\">\n<h3 class=\"lozengeTitle\">FAT</h3>\n<p>3.0g</p>\n</div>\n<div class=\"percentage\">\n<p>4%</p>\n</div>\n<p class=\"access\">red</p>\n</li>\n<li class=\"lozenge high saturates\">\n<div class=\"lozengeHeaderSection\">\n<h3 class=\"lozengeTitle\">SATURATES</h3>\n<p>2.0g</p>\n</div>\n<div class=\"percentage\">\n<p>10%</p>\n</div>\n<p class=\"access\">red</p>\n</li>\n<li class=\"lozenge low sugars\">\n<div class=\"lozengeHeaderSection\">\n<h3 class=\"lozengeTitle\">SUGARS</h3>\n<p>0g</p>\n</div>\n<div class=\"percentage\">\n<p>0%</p>\n</div>\n<p class=\"access\">green</p>\n</li>\n<li class=\"lozenge medium salt\">\n<div class=\"lozengeHeaderSection\">\n<h3 class=\"lozengeTitle\">SALT</h3>\n<p>0.14g</p>\n</div>\n<div class=\"percentage\">\n<p>2%</p>\n</div>\n<p class=\"access\">amber</p>\n</li>\n</ul>\n<div class=\"lozengeFooter\">\n<p>% of the Reference Intakes</p>\n<p>Typical Values Per 100g : Energy 1671 kJ/402 kcal</p>\n<p>RI= Reference intake of an average adult (8400 kJ/2000 kcal)</p>\n</div>\n</div>\n<div>\n<p>\n<strong>Table of Nutritional Information</strong>\n</p>\n<div class=\"tableWrapper\">\n<table class=\"nutritionTable\">\n<thead>\n<tr class=\"tableTitleRow\">\n<th scope=\"col\">Typical Values</th><th scope=\"col\">Per 100g\u00a0</th><th scope=\"col\">Per 10g serving\u00a0</th><th scope=\"col\">% based on RI for Average Adult</th>\n</tr>\n</thead>\n<tr class=\"tableRow1\">\n<th class=\"rowHeader\" rowspan=\"2\" scope=\"row\">Energy</th><td class=\"tableRow1\">1671kJ</td><td class=\"tableRow1\">167kJ</td><td class=\"tableRow1\">-</td>\n</tr>\n<tr class=\"tableRow0\">\n<td class=\"tableRow0\">402kcal</td><td class=\"\">40kcal</td><td class=\"\">2%</td>\n</tr>\n<tr class=\"tableRow1\">\n<th class=\"rowHeader\" scope=\"row\">Fat</th><td class=\"tableRow1\">29.7g</td><td class=\"nutritionLevel3\">3.0g</td><td class=\"nutritionLevel3\">4%</td>\n</tr>\n<tr class=\"tableRow0\">\n<th class=\"rowHeader\" scope=\"row\">Saturates</th><td class=\"tableRow0\">19.6g</td><td class=\"nutritionLevel3\">2.0g</td><td class=\"nutritionLevel3\">10%</td>\n</tr>\n<tr class=\"tableRow1\">\n<th class=\"rowHeader\" scope=\"row\">Mono-unsaturates</th><td class=\"tableRow1\">9.3g</td><td class=\"\">0.9g</td><td class=\"\">-</td>\n</tr>\n<tr class=\"tableRow0\">\n<th class=\"rowHeader\" scope=\"row\">Polyunsaturates</th><td class=\"tableRow0\">0.8g</td><td class=\"\">&lt;0.1g</td><td class=\"\">-</td>\n</tr>\n<tr class=\"tableRow1\">\n<th class=\"rowHeader\" scope=\"row\">Carbohydrate</th><td class=\"tableRow1\">0g</td><td class=\"\">0g</td><td class=\"\">-</td>\n</tr>\n<tr class=\"tableRow0\">\n<th class=\"rowHeader\" scope=\"row\">Sugars</th><td class=\"tableRow0\">0g</td><td class=\"nutritionLevel1\">0g</td><td class=\"nutritionLevel1\">-</td>\n</tr>\n<tr class=\"tableRow1\">\n<th class=\"rowHeader\" scope=\"row\">Fibre</th><td class=\"tableRow1\">0g</td><td class=\"\">0g</td><td class=\"\">-</td>\n</tr>\n<tr class=\"tableRow0\">\n<th class=\"rowHeader\" scope=\"row\">Protein</th><td class=\"tableRow0\">32.4g</td><td class=\"\">3.2g</td><td class=\"\">6%</td>\n</tr>\n<tr class=\"tableRow1\">\n<th class=\"rowHeader\" scope=\"row\">Salt</th><td class=\"tableRow1\">1.40g</td><td class=\"nutritionLevel2\">0.14g</td><td class=\"nutritionLevel2\">2%</td>\n</tr>\n</table>\n</div>\n<p>Reference intake of an average adult (8400 kJ / 2000 kcal)</p>\n<p>This pack contains 6 servings</p>\n</div>\n</div>", "PricePerMeasureMeasure": "kg", "Description": "<div class=\"productText\">\n<p>Grated Italian Parmigiano Reggiano D.O.P. medium fat hard cheese</p>\n<p>\n            \u00a0\n            </p>\n<p>\n<p>Fruity &amp; Nutty \u00a0</p>\n<p>Product of Italy\u00a0</p>\n<p>Handmade in the Cigarello Dairy exclusively for Sainsbury's. We only use the heart of the cheese in this product which is why it melts so easily on your pasta.</p>\n</p>\n</div>", "img": "/wcsstore7.30.4.18/ExtendedSitesCatalogAssetStore/images/catalog/productImages/20/0000000170420/0000000170420_L.jpeg", "Ingredients": "<div class=\"productText\">\n<p><p><strong>INGREDIENTS:</strong>Parmigiano Reggiano Cheese (Cows' <strong>Milk</strong>).</p></p>\n<p>Packaged in a protective atmosphere</p>\n</div>", "Preparation and Safety": "<div class=\"productText\">\n<p>We are passionate about great tasting food, which is why this Taste the Difference product has been taste tested by our cheese expert, to ensure that we continue to offer you the very best in quality and flavour.</p>\n</div>", "Country of Origin": "<div class=\"productText\">\n<p>\n<strong>Warnings:</strong>\n</p>\n<p>Safety: Made with unpasteurised milk</p>\n</div>", "pricePerUnit": "1.70", "title": "Sainsbury's Grated Parmesan Cheese, Taste the Difference 60g", "Storage": "<div class=\"productText\">\n<p>60 g</p>\n</div>", "Packaging": "<div class=\"productText\">\n<p>Keep refrigerated. Once opened, use within 7 days. </p>\n</div>", "PricePerMeasure": "28.33", "Health": "<div class=\"productText\">\n<p>Safety: Made with unpasteurised milk.</p>\n</div>", "Dietary Information": "<div class=\"productText\">\n<p>Allergy Advice<br/>For allergens, see ingredients in <strong>bold</strong></p>\n</div>", "Error": "", "Size": "<div class=\"productText\">\n<p>Produced in Italy</p>\n<p>Packed in Italy</p>\n<p>Produced using Italian milk</p>\n</div>", "pricePerUnitUnit": "unit", "Manufacturer": "<div class=\"productText\">\n<p>PET / PE Laminate tub</p>\n<p>PET / PE Laminate film Lid</p>\n<p>Paper label</p>\n<p>Plastic - APET lid</p>\n</div>"}, {"Nutrition": "<div class=\"productText\">\n<div class=\"nutritionalContentSummary\">\n<h2 class=\"reference\">Per 30g serving </h2>\n<ul class=\"lozengeBlock\">\n<li class=\"lozenge energy energy\">\n<div class=\"lozengeHeaderSection\">\n<h3 class=\"lozengeTitle\">ENERGY</h3>\n<p>354kJ</p>\n<p>85kcal</p>\n</div>\n<div class=\"percentage\">\n<p>4%</p>\n</div>\n<p class=\"access\">white</p>\n</li>\n<li class=\"lozenge high fat\">\n<div class=\"lozengeHeaderSection\">\n<h3 class=\"lozengeTitle\">FAT</h3>\n<p>6.6g</p>\n</div>\n<div class=\"percentage\">\n<p>9%</p>\n</div>\n<p class=\"access\">red</p>\n</li>\n<li class=\"lozenge high saturates\">\n<div class=\"lozengeHeaderSection\">\n<h3 class=\"lozengeTitle\">SATURATES</h3>\n<p>4.9g</p>\n</div>\n<div class=\"percentage\">\n<p>25%</p>\n</div>\n<p class=\"access\">red</p>\n</li>\n<li class=\"lozenge low sugars\">\n<div class=\"lozengeHeaderSection\">\n<h3 class=\"lozengeTitle\">SUGARS</h3>\n<p>&lt;0.5g</p>\n</div>\n<div class=\"percentage\">\n<p>&lt;1%</p>\n</div>\n<p class=\"access\">green</p>\n</li>\n<li class=\"lozenge high salt\">\n<div class=\"lozengeHeaderSection\">\n<h3 class=\"lozengeTitle\">SALT</h3>\n<p>0.51g</p>\n</div>\n<div class=\"percentage\">\n<p>9%</p>\n</div>\n<p class=\"access\">red</p>\n</li>\n</ul>\n<div class=\"lozengeFooter\">\n<p>% of the Reference Intakes</p>\n<p> Per 100g : Energy 1180 kJ/284 kcal</p>\n<p>RI= Reference intake of an average adult (8400 kJ/2000 kcal)</p>\n</div>\n</div>\n<div>\n<p>\n<strong>Table of Nutritional Information</strong>\n</p>\n<div class=\"tableWrapper\">\n<table class=\"nutritionTable\">\n<thead>\n<tr class=\"tableTitleRow\">\n<th scope=\"col\"></th><th scope=\"col\">Per 100g\u00a0</th><th scope=\"col\">Per 30g serving\u00a0</th><th scope=\"col\">% based on RI for Average Adult</th>\n</tr>\n</thead>\n<tr class=\"tableRow1\">\n<th class=\"rowHeader\" rowspan=\"2\" scope=\"row\">Energy</th><td class=\"tableRow1\">1180kJ</td><td class=\"tableRow1\">354kJ</td><td class=\"tableRow1\">-</td>\n</tr>\n<tr class=\"tableRow0\">\n<td class=\"tableRow0\">284kcal</td><td class=\"\">85kcal</td><td class=\"\">4%</td>\n</tr>\n<tr class=\"tableRow1\">\n<th class=\"rowHeader\" scope=\"row\">Fat</th><td class=\"tableRow1\">22.0g</td><td class=\"nutritionLevel3\">6.6g</td><td class=\"nutritionLevel3\">9%</td>\n</tr>\n<tr class=\"tableRow0\">\n<th class=\"rowHeader\" scope=\"row\">Saturates</th><td class=\"tableRow0\">16.4g</td><td class=\"nutritionLevel3\">4.9g</td><td class=\"nutritionLevel3\">25%</td>\n</tr>\n<tr class=\"tableRow1\">\n<th class=\"rowHeader\" scope=\"row\">Mono-unsaturates</th><td class=\"tableRow1\">6.1g</td><td class=\"\">1.8g</td><td class=\"\">-</td>\n</tr>\n<tr class=\"tableRow0\">\n<th class=\"rowHeader\" scope=\"row\">Polyunsaturates</th><td class=\"tableRow0\">0.6g</td><td class=\"\">0.2g</td><td class=\"\">-</td>\n</tr>\n<tr class=\"tableRow1\">\n<th class=\"rowHeader\" scope=\"row\">Carbohydrate</th><td class=\"tableRow1\">&lt;0.5g</td><td class=\"\">&lt;0.5g</td><td class=\"\">-</td>\n</tr>\n<tr class=\"tableRow0\">\n<th class=\"rowHeader\" scope=\"row\">Sugars</th><td class=\"tableRow0\">&lt;0.5g</td><td class=\"nutritionLevel1\">&lt;0.5g</td><td class=\"nutritionLevel1\">-</td>\n</tr>\n<tr class=\"tableRow1\">\n<th class=\"rowHeader\" scope=\"row\">Fibre</th><td class=\"tableRow1\">0g</td><td class=\"\">0g</td><td class=\"\">-</td>\n</tr>\n<tr class=\"tableRow0\">\n<th class=\"rowHeader\" scope=\"row\">Protein</th><td class=\"tableRow0\">21.0g</td><td class=\"\">6.3g</td><td class=\"\">13%</td>\n</tr>\n<tr class=\"tableRow1\">\n<th class=\"rowHeader\" scope=\"row\">Salt</th><td class=\"tableRow1\">1.70g</td><td class=\"nutritionLevel3\">0.51g</td><td class=\"nutritionLevel3\">9%</td>\n</tr>\n</table>\n</div>\n<p>Reference intake of an average adult (8400 kJ / 2000 kcal)</p>\n<p>This pack contains Approx. 8 servings</p>\n</div>\n</div>", "PricePerMeasureMeasure": "kg", "Description": "<div class=\"productText\">\n<p>Pasteurised Camembert</p>\n<p>\n            \u00a0\n            </p>\n<p>\n<p>Soft &amp; Creamy\u00a0</p>\n<p>Perfect for cheese boards or try baked whole with garlic and rosemary</p>\n</p>\n</div>", "img": "/wcsstore7.30.4.18/ExtendedSitesCatalogAssetStore/images/catalog/productImages/04/0000000681704/0000000681704_L.jpeg", "Ingredients": "<div class=\"productText\">\n<p><p>Camembert Cheese (Cows' <strong>Milk</strong>)</p></p>\n</div>", "Preparation and Safety": "<div class=\"productText\">\n<p>This is a ripening Camembert which will improve with age developing a softer, creamier texture.</p>\n</div>", "Country of Origin": "<div class=\"productText\">\n<p><p>Tips for your perfect Camembert\u00a0</p><p>- 20-40 days before Use by date: Young, firm in the middle, fairly mild.</p><p>- 15 days before Use by date: Softening, flavour develops.</p><p>- Near the Use by date: Melts in your mouth, full flavoured.</p></p>\n</div>", "pricePerUnit": "1.50", "title": "Sainsbury's French Camembert Cheese Whole 250g", "Storage": "<div class=\"productText\">\n<p>250g e</p>\n</div>", "Packaging": "<div class=\"productText\">\n<p>For use by date: see side of pack Keep refrigerated. Once opened, use within 3 days and do not exceed the use by date. For optimum freshness once opened, re-wrap the cheese so it is well sealed and airtight to avoid it drying out. </p>\n</div>", "PricePerMeasure": "6.00", "Health": "<div class=\"productText\">\n<p>Safety: Made with pasteurised milk. Expectant mothers and those susceptible to infection should avoid eating this cheese.</p>\n</div>", "Dietary Information": "<div class=\"productText\">\n<p>Allergy Advice<br/>For allergens, see ingredients in <strong>bold</strong></p>\n</div>", "Error": "", "Size": "<div class=\"productText\">\n<p>Produced in France</p>\n<p>Packed in France</p>\n<p>Produced using French milk</p>\n</div>", "pricePerUnitUnit": "unit", "Manufacturer": "<div class=\"productText\">\n<p>Paper wrap</p>\n<p>Cardboard box</p>\n</div>"}]